1991 3279
1059 277 1139 317 744

380 381 721 424 Procurationes
752 398 856 425 vero
902 384 1115 439 episcopi.
1148 383 1441 425 cardinalium
1472 383 1633 431 tallias,
1683 384 1882 439 Capituli·

324 457 369 496 et
395 452 654 495 nuntiorum
703 453 832 495 Sedis
884 453 1154 509 Apostolioe.
1188 453 1333 496 solvat
1359 457 1670 514 successor,-e·t
1720 455 1881 510 prede·-

315 538 466 568 cessor
492 538 582 566 non
609 524 773 567 referat
798 524 1099 581 questionem.

377 595 537 638 Debita
562 609 668 638 vero
696 594 793 650 ejus
814 595 893 652 qui
916 594 1198 642 transfertur,
1229 595 1378 638 solvat
1403 596 1556 639 omnia
1588 610 1675 653 que
1703 600 1876 639 contra-

317 666 399 711 xit.
431 666 519 709 nisi
565 666 816 722 sollempne
845 666 1073 709 editicium
1102 668 1172 707 vel
1215 679 1379 722 magna
1405 667 1574 723 emptio
1619 670 1870 723 appareret,

318 751 406 792 que
427 737 482 779 de
511 737 736 793 perceptis
764 737 1188 793 redditibus-facere
1219 750 1304 779 non
1333 738 1569 793 potuisset,
1601 739 1695 781 sine
1741 751 1874 780 onere

318 807 582 864 hujusmodi
610 808 883 854 debitoru111;
915 811 959 850 ct
985 821 1215 851 successor
1243 808 1287 849 in
1326 811 1452 863 purte
1481 809 1552 850 vel
1580 810 1624 850 in
1653 811 1744 851 toto
1788 808 1874 852 sol-

307 893 430 926 vere,
459 878 644 921 arbitrio
666 879 901 935 prepositi,
934 882 1151 922 teneatur.

375 950 641 993 Statuerunt
666 950 820 999 etiam,
851 951 972 1007 quod
1000 950 1272 998 beneficiati,
1303 964 1447 1007 usque
1474 950 1530 993 ad
1559 950 1769 992 ultimum
1793 949 1873 993 t‘la-

313 1024 407 1063 tum
436 1021 546 1070 vite,
572 1021 821 1064 dummodo
848 1021 1118 1064 discretione
1143 1021 1385 1076 gaudeant,
1418 1023 1688 1076 potestatem
1726 1021 1870 1063 admi-

309 1091 446 1135 nistra
456 1092 546 1141 ndi,
570 1092 906 1139 remunerandi,
927 1091 1147 1139 solvendi,
1174 1105 1254 1147 per
1271 1105 1318 1134 se
1336 1092 1407 1134 vel
1429 1106 1508 1148 per
1527 1092 1652 1140 alios,
1674 1092 1870 1135 habeant

307 1176 360 1205 ac
387 1163 423 1205 si
454 1162 709 1206 fruerentur
732 1163 934 1219 plenaria
961 1163 1168 1206 sanitate.

367 1234 475 1276 Item
491 1236 772 1283 executores,
792 1233 830 1276 si
857 1247 992 1277 suum
1017 1233 1222 1276 otl'icium
1249 1247 1339 1276 non
1365 1234 1731 1290 adimpleverint,
1752 1235 1869 1277 bona

306 1319 391 1360 qm
421 1306 654 1348 habebunt
681 1308 722 1347 et
767 1305 1021 1348 custodiam
1048 1306 1270 1348 bonorum
1299 1305 1477 1348 tradant
1514 1305 1775 1355 successori,
1823 1309 1868 1348 et

302 1390 385 1432 per
412 1389 718 1419 successorem
748 1376 901 1418 debita
921 1376 1229 1419 exsolvantur.

362 1448 471 1490 ilem
502 1449 758 1490 statuerunt
787 1450 835 1489 ut
875 1461 941 1493 ea,
973 1461 1061 1504 que
1088 1447 1146 1490 ud
1186 1447 1385 1503 primum
1431 1460 1735 1490 successorem
1767 1446 1865 1489 mit-

299 1522 459 1561 tuntur
485 1517 718 1566 solvenda,
749 1519 807 1561 ad
835 1518 1086 1561 sec-undum
1109 1521 1356 1565 transeant,
1389 1518 1426 1561 si
1466 1532 1555 1561 non
1583 1518 1748 1560 fuerint
1787 1532 1866 1561 cx-

298 1590 460 1633 soluta:
492 1589 675 1631 ecclesie
703 1590 825 1632 enim
853 1603 968 1632 onus
996 1589 1263 1644 impositum
1293 1593 1376 1635 est,
1410 1603 1499 1631 non
1547 1602 1756 1644 persone,
1786 1603 1864 1631 ex·

299 1664 431 1717 cepta
457 1660 646 1704 decima.
677 1675 764 1717 que
804 1661 1035 1703 communi
1080 1664 1174 1702 arte
1204 1660 1393 1702 solvitur
1438 1674 1517 1715 per
1543 1663 1788 1715 promotos;
1819 1663 1863 1702 et

296 1732 381 1774 hoc
422 1745 747 1788 usquespiaplc
786 1732 1041 1774 servabitur
1066 1731 1110 1772 iu
1139 1745 1393 1774 successore
1431 1731 1610 1773 mortui.
1642 1732 1690 1772 In
1743 1731 1860 1780 vivi„¹

297 1807 449 1846 aute-m
497 1802 642 1845 solvet
679 1806 851 1858 partem
880 1803 952 1844 ve}
994 1805 1136 1844 lotum
1177 1803 1466 1858 predecessor
1510 1802 1582 1843 vel
1621 1815 1856 1844 successor

295 1874 425 1930 juxta
451 1874 604 1915 habita
632 1877 676 1915 et
703 1876 893 1928 recepta.

357 1945 467 1987 Item
495 1945 570 2001 qui
602 1945 643 1986 in
692 1944 884 1987 termino
912 1944 1143 2001 pensionis
1193 1944 1469 2000 coquinario,
1501 1943 1766 1993 infirmario,
1814 1946 1856 1987 et

294 2016 410 2064 aliis,
441 2017 607 2072 quilius
635 2015 769 2058 luerit
796 2015 841 2057 in
869 2015 1075 2058 terminis
1104 2015 1350 2070 assignata,
1399 2029 1489 2057 non
1517 2015 1716 2063 solverit,
1741 2014 1858 2058 infra.

297 2087 553 2143 quindecim
585 2087 682 2129 dies
706 2090 805 2142 post.
835 2087 1096 2129 terminum.
1128 2089 1371 2143 postquam
1398 2085 1530 2129 luerit
1560 2099 1639 2142 per
1658 2086 1855 2128 litteram

294 2161 498 2214 apertam
529 2157 741 2213 prepositi
763 2158 1022 2213 requisitus,
1053 2171 1078 2200 a
1101 2157 1388 2214 perceptione
1416 2157 1626 2199 beneficii
1661 2157 1719 2199 sit
1758 2171 1856 2200 sus-

295 2242 477 2284 pensus,
509 2228 634 2280 Quod
662 2229 697 2271 si
726 2228 772 2271 in
808 2229 1121 2284 suspensione.
1145 2229 1371 2272 obstinato
1410 2228 1577 2276 animo,
1609 2242 1688 2283 per
1713 2228 1853 2271 alium

293 2313 500 2342 mensem
524 2300 835 2356 permanserit,
867 2300 1224 2342 extraordinarie
1246 2299 1444 2355 graviter
1472 2299 1700 2355 puniatur.

356 2371 466 2413 Item
489 2371 832 2413 declaraverunt
875 2371 1284 2417 ei.‹;›rdinave1=u11t,
1315 2373 1377 2417 ut,
1408 2371 1444 2412 si
1490 2370 1590 2425 quis
1619 2373 1755 2412 terras
1785 2383 1853 2412 ec—

298 2441 431 2483 clesie
459 2455 538 2484 sue
565 2442 622 2484 ad
661 2442 914 2484 meilariam
943 2442 1130 2491 dederit,
1173 2444 1217 2483 et
1259 2441 1388 2483 illurn
1415 2441 1643 2494 contingat
1686 2441 1851 2483 mutari

293 2513 348 2554 de
371 2512 445 2554 illa
489 2513 677 2556 ecclesia
720 2513 775 2555 ad
792 2513 944 2560 aliam,
977 2527 1057 2569 pro
1101 2512 1310 2554 omnibus
1339 2512 1542 2567 personis
1585 2513 1850 2555 necessariis

294 2583 351 2625 ad
380 2587 518 2625 terras
563 2583 821 2637 hujusmodi
869 2584 1154 2626 «molendas.
1187 2583 1242 2625 de
1269 2583 1404 2625 blado
1432 2587 1475 2624 et
1501 2583 1620 2630 vino,
1653 2596 1703 2625 ac
1747 2583 1849 2626 aliis

292 2654 573 2700 necessariis,
616 2654 841 2697 dimittere
893 2655 1056 2698 debeat
1105 2655 1368 2702 successori,
1398 2666 1449 2696 ac
1493 2656 1527 2696 si
1573 2653 1629 2695 ad
1659 2666 1846 2696 manum

292 2737 422 2767 suam
451 2727 590 2766 terras
628 2726 811 2768 ecclesie
859 2726 1090 2771 tenuisset,
1121 2728 1162 2768 et
1200 2725 1257 2767 de
1283 2725 1417 2767 blado
1443 2724 1668 2767 seminum
1696 2726 1848 2779 provi-

291 2796 412 2843 dere,
444 2795 482 2837 si
507 2797 623 2837 terre
652 2810 738 2839 non
766 2797 931 2839 fuerint
957 2797 1191 2838 seminate.

350 2866 460 2909 Item
482 2866 837 2913 declaraverunt.
868 2868 988 2924 quod
1015 2866 1168 2910 debita
1193 2867 1466 2910 usaticorum
1501 2880 1639 2923 penes
1671 2879 1840 2908 succes-

288 2950 434 2980 sorem
452 2937 647 2978 debeant.
668 2951 916 2986 remanet-(33
935 2938 1087 2980 debila
1107 2952 1214 2980 vero
1230 2938 1564 2981 vindemiarum
1580 2937 1700 2980 illius
1715 2937 1838 2986 anni,
