2112 3555
772 354 976 396 „41—

162 460 294 503 Anno
320 459 553 502 Dominice
580 459 904 503 Incarnationis
930 461 991 503 M⁰
1018 461 1069 503 ΙΙο
1106 460 1395 516 sexagesimo
1441 461 1553 509 VI²⁰,
1585 462 1669 505 sci·

102 530 209 574 licet
236 531 365 574 sexto
403 530 521 587 ydus
565 531 854 579 novembris,
903 531 1210 586 supradictam
1254 531 1590 580 vendicionem,
1622 535 1668 576 et

102 601 258 644 omnia
283 602 328 644 et
371 600 551 656 singula
594 601 901 657 suprascripta
943 602 1108 649 Maria,
1140 615 1257 644 uxor
1307 602 1566 657 Berengarii
1611 604 1668 645 de

104 671 260 720 Costa,
290 671 422 714 aliter
446 672 594 714 vocati
621 673 692 714 Br.
724 673 780 715 de
826 672 1072 721 Viridario,
1103 672 1330 720 laudavit,
1381 672 1670 716 confirmavit

103 742 362 798 supradicto
387 742 644 785 Raimundo
665 743 721 785 de
748 743 958 786 Gordone
998 743 1193 798 emptori
1220 746 1265 786 et
1309 743 1429 792 suis;
1459 746 1503 785 et
1547 743 1670 799 quic-

104 812 215 869 quid
240 812 352 868 juris
379 815 423 856 et
448 813 643 856 accionis
670 813 717 855 in
744 816 837 856 tota
872 814 1133 869 supradicta
1159 827 1205 856 re
1232 814 1419 857 vendita
1444 815 1664 864 habebat,

104 883 272 927 habere
298 886 475 940 pot-erat
500 884 573 926 vel
601 885 817 932 debebat,
849 885 1234 940 contemplacione
1262 885 1381 928 dotis
1422 898 1526 934 sue,
1558 899 1671 942 ypo-

103 955 247 1004 thece‚
272 955 506 1010 augmenti
533 955 710 1003 dotalis,
742 955 815 998 vel
841 956 932 1001 alia
959 968 1247 1011 quacumque
1274 969 1411 998 causa
1431 958 1474 998 et
1494 956 1667 999 ratione

105 1025 257 1069 eidem
279 1025 536 1069 Raimundo
575 1026 811 1082 stipulanti
838 1029 883 1069 et
910 1026 1004 1069 suis
1032 1026 1247 1075 donavit,
1278 1026 1435 1075 cessit,
1467 1027 1603 1069 solvit
1628 1030 1673 1069 et

104 1096 302 1146 remisit,
334 1096 453 1141 etin
479 1097 632 1152 ipsum
659 1099 703 1139 et
729 1110 835 1140 suos
882 1110 1069 1153 proisus
1120 1097 1372 1145 transtulit,
1401 1110 1449 1140 se
1476 1100 1521 1140 et
1565 1110 1671 1140 suos

107 1167 209 1210 disv
213 1167 439 1216 estiendo‚
471 1167 623 1223 ipsum
668 1167 978 1210 Raimundum
1029 1170 1072 1210 et
1120 1181 1225 1210 suos
1271 1167 1581 1217 investiendo,
1629 1170 1674 1211 et

104 1250 266 1281 verum
294 1237 533 1280 dominum
560 1251 612 1281 ac
638 1242 810 1281 certum
851 1242 1222 1294 procuratorem,
1253 1241 1303 1281 ut
1330 1239 1375 1280 in
1419 1252 1517 1281 rem
1545 1252 1676 1282 suam

103 1321 150 1366 Ρ·
152 1308 349 1364 opriam,
378 1308 529 1365 ipsum
568 1308 649 1351 feci
643 1311 676 1352 t
704 1313 741 1351 et
773 1310 1024 1352 mandavit

162 1379 257 1431 Que
276 1379 431 1423 omnia
456 1382 500 1422 et
520 1379 698 1435 singula
735 1380 1043 1436 suprascripta
1080 1394 1200 1423 nunc
1220 1383 1265 1424 et
1285 1394 1466 1437 semper
1508 1383 1607 1424 rata
1633 1383 1678 1424 et

102 1449 238 1494 firma
263 1453 430 1500 tenere,
463 1453 506 1493 et
532 1464 768 1507 nunquam
801 1451 1110 1494 contravenire
1159 1451 1384 1506 promisit,
1416 1454 1461 1494 et
1507 1451 1678 1507 juravit

104 1535 241 1579 super
267 1524 422 1565 sancta
470 1525 664 1579 quatuor
689 1523 765 1565 Dii
797 1523 1053 1578 evangelia,
1084 1523 1353 1565 renuncians
1397 1522 1591 1565 scienter
1633 1524 1678 1564 et

108 1593 361 1649 expressim
383 1594 505 1636 omni
528 1593 615 1649 juri
648 1597 692 1636 et
719 1594 877 1636 rationi
907 1594 1074 1650 quibus
1101 1594 1411 1637 contravenire
1433 1596 1599 1649 posset.

168 1665 326 1707 Testes
354 1668 459 1706 sunt
486 1665 759 1708 Guillelmus
786 1666 841 1707 dc
870 1665 1063 1708 Laniaco
1098 1665 1357 1713 ordearius,
1389 1664 1675 1707 Raimundus

112 1736 272 1791 Arpini
299 1736 353 1777 dc
382 1736 544 1778 Tribus
571 1736 677 1784 viis,
710 1736 905 1778 Peneius
933 1736 988 1778 dc
1015 1736 1238 1783 Gordone,
1270 1738 1313 1777 ct
1340 1749 1422 1791 ego
1448 1735 1679 1778 Johannes

112 1807 168 1849 de
197 1807 363 1849 Sancto
410 1807 610 1855 Tiberio,
643 1807 853 1862 publicus
897 1806 1297 1862 Montispessulani
1323 1806 1548 1854 notarius,
1578 1804 1678 1860 qui,

114 1880 296 1932 rogatus
323 1890 350 1920 a
375 1878 601 1933 partibus,
633 1878 715 1920 hec
742 1878 902 1933 scripsi
929 1880 973 1920 et
1000 1878 1181 1932 signum
1210 1890 1364 1919 meum
1391 1876 1603 1932 apposui.

536 2019 633 2058 (Reg.
658 2019 702 2056 Ι),
727 2019 786 2051 fol.
813 2019 870 2050 162
888 2023 934 2056 r‘,
957 2019 1096 2058 d'apres
1116 2027 1165 2049 un
1186 2018 1344 2061 vidimus
1364 2018 1406 2048 de
1428 2016 1534 2055 1320).

382 2321 622 2365 DULXYII.
655 2346 709 2350 —
736 2318 789 2360 21
820 2331 942 2361 mars
971 2317 1084 2360 1263
1112 2318 1175 2370 (n.
1208 2330 1243 2359 s.
1276 2316 1409 2363 1204)

165 2476 328 2520 Vento
348 2475 379 2511 ὲ,
397 2473 615 2519 Ρόνέφιε
636 2473 724 2509 des
757 2471 913 2507 droits
935 2470 994 2506 de
1033 2469 1240 2511 directe,
1257 2452 1442 2514 'usages
1462 2467 1554 2502 etc.
1593 2475 1681 2501 sur

118 2535 206 2572 des
225 2536 388 2572 terres
408 2532 740 2580 appartenant
759 2541 823 2567 au
844 2530 1055 2566 convent
1076 2528 1163 2564 des
1201 2526 1387 2563 Freres
1425 2526 1679 2561 Mineurs.

176 2667 310 2709 Anno
335 2664 566 2708 Dominicc
593 2661 920 2706 lncarnacionis
942 2660 1185 2702 millesimo
1212 2657 1522 2705 ducentesimo
1549 2668 1681 2698 sexa-

117 2737 293 2792 gesimo
320 2736 477 2784 tercio,
505 2734 717 2777 videlicet
743 2720 845 2775 XHo'
864 2731 1083 2773 kalendas
1122 2729 1303 2785 aprilis,
1335 2727 1544 2771 noverint
1582 2726 1682 2768 uni-

119 2808 241 2851 versi
267 2807 388 2864 quod
415 2820 517 2862 ego,
550 2806 708 2848 Petrus
735 2802 1000 2846 Amalberti.
1051 2800 1286 2856 operarius
1313 2798 1464 2854 operis
1515 2798 1679 2839 domus

121 2877 590 2930 FratrumyMinorum
618 2877 673 2918 (le
718 2873 1138 2929 Montepcssumno,
1188 2870 1497 2926 presentibus,
1529 2867 1684 2909 volen-

120 2949 244 2992 tibus
294 2951 339 2990 et
387 2947 780 2990 consencientibus
831 2946 970 2987 fratre
1012 2943 1217 2985 Johanne
1257 2940 1486 2995 Rotgerio.
1541 2937 1685 2992 ipsius

286 3053 378 3084 Cart.
401 3053 444 3084 de
462 3053 541 3090 Mag
560 3053 595 3083 T.
618 3051 664 3081 111
1371 3044 1391 3074 6
