2205 3299
1185 95 1432 137 -394—

532 220 649 254 rum,
707 206 904 248 audeant
949 204 1139 246 (latitare
1167 215 1247 245 seu
1299 200 1504 249 tailliare,
1536 213 1618 242 nec
1667 198 1852 242 eosdem
1902 196 2090 240 clericos

532 276 800 332 compellere
829 289 907 318 seu
954 273 1163 328 compelli
1192 272 1336 315 facere
1363 271 1565 328 aliquam
1593 269 1782 313 datitam
1810 281 1890 311 seu
1934 267 2092 310 collec-

531 351 642 394 tam,
675 360 753 389 seu
782 339 993 402 quamius
1021 344 1158 386 aliam
1187 343 1470 385 exactionem
1517 341 1657 397 laycis
1686 353 1764 382 seu
1793 352 1896 382 cum
1941 337 2084 394 laycis

532 417 803 460 faciendam.

592 489 703 530 Acta
755 487 937 529 fuerunt
963 486 1044 527 hec
1072 484 1397 539 sollempniter,
1432 481 1741 539 pronunciata,
1773 465 2015 526 declarata,
2047 481 2091 521 et

534 562 746 615 precepta
774 571 853 612 per
899 556 1199 598 reverendum
1230 555 1290 602 in,
1321 555 1497 597 Chr1sto
1525 547 1699 609 patrem
1728 552 1965 594 dominum
2013 549 2095 592 Be-

535 628 810 684 rengarium,
836 628 914 669 Dei
959 628 1104 681 gratia
1131 626 1499 680 Magalonenscm
1545 623 1826 679 episcopum,
1857 621 2094 664 sedentem

536 713 617 755 pro
672 698 884 740 tribunali
934 698 1053 753 apud
1104 695 1619 751 Montempessulanum,
1651 693 1696 735 in
1723 693 1829 735 aula
1872 691 2096 747 superiori

534 769 725 825 hospicii
771 768 855 816 sui,
887 782 1006 811 anno
1033 767 1265 811 Dominice
1306 765 1630 808 Incarnationis
1660 763 1902 806 millesimo
1930 763 2097 805 'ducen-

535 840 699 893 tesimo
725 839 1031 894 octuagesimo
1058 842 1233 885 octavo,
1265 837 1433 880 scilicet
1465 835 1706 878 undecimo
1733 834 1951 876 kalendas
1978 833 2098 889 apri-

540 913 610 959 lis,
643 911 826 953 domino
847 910 1055 965 Philippo
1083 909 1161 951 Dei
1189 908 1333 962 gratia
1359 908 1632 949 Francorum
1666 920 1769 961 rege
1790 910 2022 962 regnante,
2053 910 2098 949 et

535 983 698 1024 eodem
726 981 912 1023 domino
965 980 1177 1035 episcopo
1229 978 1504 1034 presidente,
1535 977 1580 1018 in
1623 977 1858 1032 presencia
1884 980 1949 1022 ets
1972 977 2098 1019 testi-

538 1052 690 1094 monio
711 1051 987 1093 venerabilis
1014 1051 1097 1091 viri
1129 1049 1302 1092 domini
1329 1042 1584 1104 Berengarii
1608 1048 1785 1091 Fredoli
1814 1049 2100 1091 decretorum

536 1120 748 1167 doctoris,
780 1122 953 1163 demini
978 1122 1098 1176 Pape
1126 1119 1362 1175 capellani;
1393 1122 1437 1161 et
1458 1119 1632 1193 do'mini
1652 1119 1870 1162 Johannis
1892 1119 1947 1161 de
1969 1119 2099 1162 Cam-

537 1194 655 1236 bono
675 1192 878 1235 vestiarii
924 1191 1272 1246 Magalonensis,
1323 1190 1504 1232 discreti
1528 1190 1610 1231 viri
1650 1190 1886 1232 Bortrandi
1931 1191 2099 1234 Mal-hei

536 1263 740 1306 canonici
760 1262 1058 1305 Vivariensis,
1083 1251 1293 1304 officialis
1316 1261 1663 1315 Magalonenae'ffl
1690 1260 1840 1303 fratris
1867 1254 1946 1303 Bu.
1973 1260 2100 1303 Gran

536 1335 707 1377 ordinis
748 1335 955 1376 Fratrum
1001 1333 1356 1379 medicatorum,
1389 1320 1678 1373 dominorum
1724 1330 2100 1387 PonciiViatoris

538 1405 702 1461 prioris
730 1405 916 1446 ecclesie
945 1405 1000 1446 de
1051 1404 1178 1446 Valle
1206 1402 1427 1450 fennesia,
1483 1402 1697 1457 Rostagni
1725 1403 1780 1444 de
1837 1403 2100 1459 Maruojolis

538 1475 701 1531 prioris
729 1476 784 1516 de
813 1474 1045 1529 Mijulano,
1077 1473 1196 1515 Petri
1223 1474 1278 1515 de
1326 1473 1549 1516 Viridario
1569 1473 1800 1515 castellani
1845 1475 2102 1518 Montisl'er—

536 1546 682 1593 randi,
714 1545 958 1588 Raimundi
982 1540 1038 1586 de
1065 1545 1321 1587 Benm'em‘e
1365 1544 1527 1599 prioris
1569 1545 1755 1587 ecclesie
1783 1545 1839 1587 de
1867 1545 2098 1601 Gari-igiis,
2145 1584 2149 1585 ⁷

546 1617 751 1672 magistri
778 1616 1009 1659 Guillelmi
1062 1616 1259 1658 Pascalis
1287 1615 1448 1657 notarii
1499 1615 1673 1657 domini
1700 1615 1903 1671 episcopi
1944 1630 2102 1672 supra-
2160 1628 2179 1670 s

542 1688 662 1735 dicti,
695 1690 739 1730 et
764 1687 965 1742 plurium
992 1688 1199 1729 aliorum.
1247 1690 1290 1728 et
1316 1686 1406 1728 mei
1433 1686 1652 1728 Johannis
1680 1687 1857 1735 Gaschi,
1891 1688 1998 1731 dicti
2025 1690 2103 1731 do-

543 1758 655 1800 mini
682 1757 1016 1813 Magalonensis
1045 1757 1246 1812 episcopi
1273 1756 1452 1804 notarii,
1502 1757 1595 1812 qui,
1628 1758 1844 1801 mandato
1872 1759 1978 1805 dicti
2025 1761 2103 1803 do-

540 1829 654 1870 mini
705 1829 920 1884 episcopi,
971 1827 1173 1883 predicta
1198 1827 1353 1870 omnia
1397 1831 1441 1870 et
1492 1828 1672 1882 singula
1697 1828 1869 1884 scripsi,
1903 1833 1947 1871 et
1998 1831 2103 1874 huic

541 1899 843 1941 instrumento
870 1899 1050 1954 publico
1078 1898 1270 1954 apposui
1299 1899 1481 1953 signum
1510 1911 1679 1941 meum.

1479 2041 1578 2078 (Reg.
1600 2040 1635 2070 E.
1660 2040 1717 2071 fol.
1738 2041 1777 2071 57
1800 2043 1852 2079 r”).

1021 2321 1251 2363 DCCCVII.
1279 2347 1332 2351 —
1354 2321 1381 2363 8
1410 2322 1498 2363 mai
1527 2321 1642 2363 1289

2133 2396 2167 2481 ῥηθῇ
2132 2248 2165 2373 *ast-³*
2154 2207 2167 2226 ,-
2144 2162 2158 2186 ῑ’-
2151 2124 2165 2131 τ
2159 2052 2170 2080 «,-.
2160 2007 2169 2030 ,ι

595 2473 856 2519 Berenger
874 2473 1062 2509 Fredob
1083 2474 1241 2518 prend
1272 2475 1560 2519 possession
1580 2474 1640 2510 de
1659 2475 1708 2511 la.
1745 2476 2024 2522 seigneurie
2044 2479 2145 2516 de

549 2535 772 2571 Brissae.

607 2678 657 2719 In
682 2676 867 2718 nomine
894 2675 1088 2718 Domini
1120 2676 1281 2718 Amen.
1313 2677 1444 2718 Anno
1497 2677 1736 2720 Salutifcre
1785 2593 2165 2734 lncarnatmms}

551 2747 757 2802 ejusdem
802 2746 1046 2788 millesimo
1074 2747 1155 2788 GC⁰
1201 2747 1444 2793 LXXXIX⁰
1476 2747 1643 2790 scilicet
1693 2749 1788 2791 VIII
1826 2750 1928 2793 idus
1978 2739 2143 2801 maii,-

942 2836 954 2859 N
