2040 3404
870 156 1117 201 —693—

218 256 221 263 ¹
277 265 343 308 Ex
369 266 495 321 parte
535 263 682 306 dilecti
734 268 775 307 et
803 263 950 307 [idelis
1001 263 1141 306 nostri
1191 247 1388 318 episcopi
1438 261 1769 317 Magalonensis

216 332 488 391 accepimus,
518 335 655 391 quod,
686 348 789 377 cum
811 335 856 377 in
884 334 1041 377 litteris
1069 333 1247 381 nostris,
1278 347 1415 390 super
1434 335 1660 376 contractu
1688 346 1768 376 seu

218 405 550 462 permutatione
578 405 693 446 inter
720 419 800 446 nos
824 410 867 448 et
894 407 1042 460 ipsum
1065 418 1114 448 ac
1136 404 1378 447 Ecclesiam
1400 403 1768 459 Magalonensem

215 478 443 523 coust-cus,
476 491 610 532 super
637 469 946 530 j121·i>‹1'i‹·cic.1c
974 477 1081 519 olim
1110 475 1249 534 partis
1276 475 1543 531 episcopalis
1571 478 1615 518 et
1655 473 1767 530 juris

217 547 544 604 superioritnlis
595 547 993 602 Montispessulani
1022 550 1065 590 et
1113 545 1247 590 castri
1272 546 1500 592 Latarum,
1555 545 1769 600 conqueri

215 617 405 667 dicatur,
424 618 546 674 quod
574 631 654 660 nos
682 617 911 660 voluimus
933 621 973 659 el
993 615 1353 676 manda[vi]mus
1376 616 1589 659 omnibus
1617 616 1772 658 feuda-

214 689 340 732 tariis
366 691 410 731 et
431 688 636 731 vassallis
665 691 794 735 lei-re„
828 702 943 729 nnnc
972 688 1081 743 ipsis
1133 688 1342 744 episcopo
1368 691 1411 730 et
1437 678 1628 730 Ecclesie
1656 687 1768 729 assi-

210 763 361 814 gnate,
392 762 440 801 ut
466 759 551 814 ipsi
579 760 789 814 episcopo
813 762 1028 815 tanquam
1056 760 1239 801 domino
1289 758 1504 801 obediant
1529 761 1572 800 et
1620 757 1766 800 inten-

213 829 338 878 dant,
369 830 483 872 sicut
510 830 638 872 nobis
667 833 710 872 et
736 830 1128 884 predecessoribus
1156 829 1318 872 nostris
1345 833 1478 872 antea
1521 828 1760 873 faciehant.

210 900 334 957 quod
361 900 567 943 nonnulli
609 900 812 956 ipsorum
839 899 1194 943 feudatariorum
1220 903 1264 944 et
1313 900 1611 945 vassallorum
1638 913 1766 942 recu-

214 973 317 1013 sant
342 971 502 1014 facere.

211 1041 417 1093 Quare
443 1042 573 1085 vobis
600 1042 886 1085 mandamus
940 1045 1165 1099 quatenus
1216 1042 1439 1098 predictos
1488 1005 1763 1086 feudatarios

212 1115 258 1155 et
276 1113 496 1156 xassallos
516 1114 573 1155 ad
592 1113 976 1155 obdiendiendum
991 1113 1391 1167 (—obediendum)
1407 1113 1536 1156 dictis
1551 1113 1763 1170 episcopo

211 1186 257 1226 et
282 1182 476 1226 Ecclesie
501 1184 799 1239 compellatis,
830 1187 963 1239 prout
988 1184 1034 1225 in
1073 1183 1259 1239 prefatis
1293 1183 1453 1227 litteris
1479 1184 1643 1227 nostris
1669 1184 1762 1241 ple-

209 1253 314 1297 nius
333 1254 547 1297 videbitis
567 1254 801 1297 contineri.
827 1254 953 1309 Quod
976 1255 1013 1297 si
1040 1267 1225 1297 causam
1251 1254 1565 1298 rationabilem
1592 1255 1762 1299 habue-

206 1325 320 1374 ritis,
344 1339 484 1382 quare
506 1326 548 1368 id
574 1326 717 1368 face1e
739 1326 928 1368 minime
950 1326 1063 1368 debe
1067 1325 1167 1373 atis,
1194 1326 1343 1381 ipsum
1366 1326 1495 1368 nobis
1515 1327 1759 1409 rescribere

206 1396 467 1439 nullatenus
493 1397 718 1439 obmittat}
722 1410 757 1439 s.

204 1498 205 1502 η
267 1468 432 1525 Actum
458 1467 671 1516 Pax-isius,
703 1468 775 1510 dic
802 1468 979 1510 sabbati
1010 1475 1119 1510 ante
1145 1467 1311 1510 festum
1347 1467 1610 1517 Candelose,
1640 1479 1760 1511 anno

205 1538 388 1580 Domini
409 1538 650 1581 millesimo
679 1539 759 1582 CC⁰
787 1539 1080 1598 nonagesimo
1106 1539 1280 1595 quinto.
1669 1551 1673 1557 ⁴
1738 1550 1745 1553 “

1073 1694 1168 1732 (Reg.
1192 1694 1227 1731 E,
1246 1694 1305 1726 tol.
1328 1694 1388 1726 105
1406 1699 1467 1734 ψ’).

522 1963 640 2005 ΜΧΙ.
673 1989 726 1994 -
753 1963 811 2007 30
835 1963 1012 2019 janvier
1036 1963 1145 2007 1295
1172 1966 1233 2019 (n.
1259 1978 1294 2007 s.
1314 1965 1446 2021 1296)

248 2127 483 2174 Philippo
506 2129 552 2165 le
573 2129 667 2166 Bel
688 2130 913 2166 ordonne
935 2130 994 2166 de
1023 2131 1204 2167 rendre
1236 2131 1266 2167 ὲ,
1302 2131 1514 2178 rex-eque
1534 2132 1753 2169 nex-taius

202 2198 344 2236 biens
364 2200 533 2246 places
553 2211 670 2237 sous
691 2202 740 2238 la
760 2203 894 2238 main
915 2202 979 2237 du
998 2203 1086 2238 roi.

258 2330 512 2387 Philippus,
537 2332 615 2375 Dei
640 2334 785 2387 gratia
809 2335 1082 2376 Francorum
1105 2347 1198 2382 rex,
1225 2335 1471 2378 senescallo
1497 2335 1747 2385 Bellicadri,

198 2401 405 2455 salutem.

261 2474 324 2515 Ex
351 2478 477 2529 parte
529 2474 678 2517 dilecti
706 2478 749 2517 et
799 2476 948 2518 fidelis
991 2476 1128 2518 nostri
1172 2477 1371 2533 episcopi
1415 2476 1752 2533 Magalonensis

198 2544 473 2600 accepimus,
497 2546 619 2601 quod
647 2560 727 2589 vos
755 2561 834 2589 seu
854 2550 1012 2602 gentes
1039 2550 1186 2589 vestre
1214 2547 1390 2604 aliquas
1412 2562 1498 2598 res,
1521 2547 1747 2606 licetssmo-

196 2614 284 2657 diei
318 2615 484 2658 valoris
504 2616 716 2665 existant,
746 2630 860 2674 quas
888 2616 1168 2674 quamquam
1211 2618 1544 2668 admortisatas‚
1576 2619 1747 2663 ratione

146 2699 151 2710 ·
197 2684 674 2741 permutationisinter
699 2702 780 2730 nos
808 2691 849 2729 et
879 2688 1028 2743 ipsum
1055 2689 1110 2730 de
1137 2689 1269 2731 certis
1297 2690 1429 2733 rebus
1454 2704 1597 2746 nuper
1614 2691 1744 2737 facte.

197 2751 417 2810 assignari
469 2757 661 2801 fecimus
688 2758 851 2802 eidem.
900 2760 1133 2802 occasione
1180 2761 1406 2803 lii-mantio
1457 2761 1514 2804 ad
1561 2775 1748 2804 inunum

199 2831 397 2875 nostrum
419 2828 615 2882 cepistis.
