1991 3279
1093 133 1177 175 022
1234 161 1264 164 -

357 239 669 289 procuratores
691 236 1038 291 pretat-idomini
1061 239 1390 294 Magalonensis
1411 242 1606 299 episcopi
1630 245 1913 299 presel-itatis,

355 308 564 362 presente
593 305 880 349 multitudine
903 307 1140 351 hominum
1171 312 1408 361 antedicta,
1435 315 1477 354 et
1504 314 1568 356 eis
1596 314 1760 357 ibidem
1790 316 1917 358 lectis

355 379 399 418 et
426 376 643 432 expositis
670 376 717 418 in
744 377 935 433 vulgari,
976 380 1137 434 prefati
1164 381 1335 424 domini
1381 388 1701 439 procuratores,
1734 386 1915 429 nominc

352 447 658 504 procuratorio
698 447 803 490 dicti
831 448 1002 491 domiui
1050 451 1379 506 Magalonensis
1425 455 1637 511 episcopi,
1664 457 1914 512 predictum

350 519 586 560 (lominum
625 518 828 561 Yvonem
873 520 1206 575 requisiverunt
1233 525 1354 579 quod
1402 525 1495 581 ipse
1525 527 1763 570 nuntiaret
1808 541 1912 570 exe-

349 590 515 631 cutioni
548 589 812 631 mandatum
841 589 927 631 sibi
980 590 1146 634 tactum
1174 607 1201 635 a
1227 595 1411 638 domino
1451 597 1711 646 senescallo,
1743 597 1788 640 in
1815 598 1914 653 ejus

345 661 517 703 domini
546 660 779 702 senescalli
805 660 965 703 litteris
1010 665 1326 720 suprascriptis
1352 670 1630 717 contentum,

407 732 489 782 Qui
511 731 720 773 dominus
747 731 858 779 Yvo,
879 732 1089 789 baylivus
1111 748 1191 777 seu
1218 736 1411 779 vicarius
1432 738 1644 794 Mayrosii
1665 742 1709 781 et
1734 739 1909 788 Vicani,

348 803 561 859 predictis
577 802 789 844 omnibus
805 803 970 846 auditis
989 807 1029 846 et
1047 804 1284 860 diligenter
1303 808 1503 857 attentis,
1522 809 1745 864 predictos
1766 808 1912 852 domi-

350 888 431 916 nos
453 876 762 929 procuratores
785 874 890 916 dicti
919 875 1089 917 domiui
1106 877 1280 932 epicopi
1296 892 1377 933 per
1397 879 1562 928 visum,
1581 880 1909 936 inspectionem

344 948 388 988 et
414 945 711 988 ostent-ionem
743 945 940 1001 predicte
970 946 1076 988 ville
1104 960 1155 989 ac
1184 950 1312 996 terre,
1340 953 1384 992 et
1405 950 1697 993 traditionem
1717 952 1906 994 sirothe-

346 1031 501 1059 carum
548 1029 748 1065 suarum,
779 1016 1043 1060 auctoritate
1065 1018 1280 1073 predicta,
1327 1021 1462 1070 misit,
1495 1022 1646 1078 posuit
1666 1026 1710 1065 et
1730 1023 1907 1066 induxit

343 1090 390 1130 iu
414 1087 750 1144 possessionem
774 1089 817 1130 et
864 1087 993 1143 quasi
1022 1090 1357 1144 possessionem
1385 1092 1589 1148 ejusdem
1630 1094 1735 1136 ville
1764 1094 1904 1137 Salvii

346 1162 391 1202 et
435 1158 811 1214 pertinentiarum
839 1171 1039 1205 suarum,
1071 1173 1173 1202 cum
1204 1175 1327 1205 mero
1367 1166 1409 1205 et
1438 1164 1580 1206 mixto
1626 1163 1828 1220 imperio,
1861 1169 1905 1208 et

345 1230 612 1273 omnimoda
636 1229 946 1285 jurisdictione
975 1230 1066 1273 alta
1094 1234 1136 1273 et
1164 1232 1312 1282 bassa;

397 1303 578 1344 Necnon
611 1303 879 1347 castrorum,
912 1302 1269 1356 parrochiarum,
1302 1305 1530 1351 villarum,
1575 1319 1837 1349 mansorum
1859 1310 1903 1349 et

338 1373 537 1416 locorum
555 1371 759 1429 ejusdem
782 1377 981 1432 baylivie
998 1390 1048 1418 ac
1067 1373 1204 1416 totius
1225 1374 1430 1430 ejusdem
1460 1377 1658 1432 haylivie
1685 1391 1787 1419 cum
1809 1391 1902 1421 res-

342 1444 492 1494 sortis‚
524 1446 786 1490 feudatariis
839 1461 918 1490 seu
963 1447 1123 1495 feodis,
1157 1446 1363 1489 vassallis
1392 1450 1433 1488 et
1477 1447 1802 1502 jurisdictione,
1856 1451 1899 1490 et

341 1529 442 1557 cum
467 1530 590 1560 mero
633 1521 673 1561 et
703 1519 846 1561 mixto
898 1518 1103 1574 imperio.
1144 1521 1182 1559 et
1236 1518 1546 1573 jurisdictione
1593 1520 1897 1574 predictorum

338 1586 553 1636 locorum,
585 1603 672 1646 que
702 1591 914 1633 dominus
944 1605 1022 1632 rex
1045 1590 1257 1637 habebat,
1285 1590 1465 1631 tenebat
1493 1593 1536 1632 et
1562 1590 1825 1645 possidebat
1850 1591 1897 1632 in

336 1661 549 1713 predictis
577 1662 749 1704 castris.
785 1663 916 1706 villis.
945 1661 1189 1717 parrochiis
1234 1665 1369 1717 atque
1415 1661 1537 1709 locis,
1565 1665 1766 1717 tempore
1805 1675 1898 1717 quo

333 1733 536 1788 predicta
564 1737 681 1776 terra
727 1733 803 1775 tuit
836 1734 953 1776 dicto
1006 1733 1218 1789 episcopo
1265 1732 1575 1787 Magaloneusi
1626 1733 1894 1776 auctoritate

331 1804 455 1859 regia
482 1819 562 1860 per
589 1805 758 1847 dictum
786 1805 1024 1846 ‹loiuinmn
1051 1805 1455 1847 Carcassonensem
1507 1803 1770 1859 episcopum
1823 1818 1894 1846 as-

330 1875 523 1930 signata

390 1946 616 1990 Censuum
640 1948 838 2004 insuper,
870 1948 1207 1990 laudiinioruin.
1240 1946 1494 1991 laudarum.
1550 1946 1792 1995 talliarum,
1825 1947 1891 1987 in-

330 2022 620 2066 traturarum,
652 2022 693 2061 et
735 2019 1031 2066 exituraruxn,
1064 2022 1102 2060 cl
1134 2018 1402 2073 quistarum.
1435 2017 1675 2058 hominum
1703 2021 1747 2059 et
1792 2031 1890 2059 mu-

326 2089 489 2131 lierum
540 2090 922 2133 Christicolarum.
955 2093 997 2132 et
1047 2089 1308 2134 Judeoruin,
1352 2092 1394 2130 et
1445 2089 1650 2129 omnium
1702 2088 1888 2130 omnino

325 2161 493 2216 jurium
517 2166 559 2203 et
588 2162 824 2207 btmoruin,
864 2176 968 2218 qne.
1001 2163 1202 2216 tempore
1230 2160 1346 2201 dicte
1373 2159 1709 2213 assignationis.
1740 2159 1887 2200 dictus

326 2233 537 2274 (lominus
565 2247 643 2274 rex
680 2233 890 2280 habebat,
923 2233 1105 2274 tenebat
1134 2231 1202 2272 vel
1234 2231 1497 2286 possidebat.
1525 2244 1604 2285 per
1631 2244 1677 2272 se
1705 2230 1777 2272 vel
1807 2244 1887 2285 per

324 2304 479 2348 alium.
513 2304 582 2345 vel
614 2304 776 2346 haberi·
805 2304 997 2344 ‹totu-tunt
1030 2304 1070 2344 in
1104 2302 1314 2356 predictis
1342 2302 1446 2342 villa
1476 2304 1517 2342 et
1543 2301 1756 2355 baylivia.
1787 2315 1884 2343 va<-

325 2376 416 2421 tris,
445 2375 578 2420 villis,
607 2375 851 2430 parrochiis
873 2379 916 2417 et
940 2374 1126 2416 mansis.
1157 2387 1208 2415 ac
1238 2373 1516 2428 quibuslibet
1544 2373 1651 2414 locis
1682 2372 1880 2428 baylivie

325 2446 561 2501 prelibate,
592 2446 716 2488 sicud
757 2446 916 2488 cadem
947 2444 1144 2500 baylivia
1193 2443 1504 2486 conl'rontatur
1530 2457 1609 2485 seu
1662 2443 1883 2485 limitatur

325 2530 426 2558 cum
475 2516 653 2558 vicariis
682 2516 915 2558 Suinidrii.
948 2515 1149 2557 Audusie
1201 2518 1246 2556 et
1273 2513 1443 2556 Vicani.
1494 2513 1677 2555 retentis
1729 2513 1877 2556 eidem

323 2587 508 2629 domino
537 2587 628 2641 regi
680 2587 743 2629 eis
782 2600 869 2643 que
896 2586 993 2642 ipse
1045 2585 1257 2628 dominus
1284 2598 1364 2626 rex
1416 2584 1579 2626 retinet
1604 2587 1649 2626 et
1695 2584 1874 2626 retineri

320 2659 509 2701 mandat
534 2658 635 2705 sibi,
667 2662 716 2700 ut
760 2658 803 2699 in
833 2658 993 2700 litteris
1021 2657 1170 2712 regiis,
1226 2655 1440 2698 conlectis
1469 2669 1606 2710 super
1633 2655 1747 2697 facto
1776 2670 1876 2710 per-

322 2729 584 2772 mutationis
607 2728 780 2771 dudum
808 2728 949 2771 inhite
976 2728 1094 2770 inter
1122 2727 1294 2769 dictum
1346 2725 1582 2769 dominum
1610 2739 1761 2780 regem
1813 2740 1870 2768 ex

319 2807 448 2860 parte
478 2814 582 2842 una.
613 2803 657 2840 et
682 2799 849 2840 dictum
881 2799 1116 2840 dominum
1150 2798 1410 2855 episcopum
1440 2800 1483 2839 et
1510 2797 1751 2840 Ecclesiam
1781 2797 1874 2839 Ma-
