2107 3404
802 164 1050 208 *459-

204 268 349 325 Hujus
376 270 438 312 rei
464 270 646 313 fuerunt
668 274 803 314 testes
831 272 988 315 Petrus
1010 272 1221 320 Belester.
1248 273 1405 317 Petrus
1435 275 1623 318 Baudilii
1651 278 1694 318 et

150 338 367 394 magister
392 340 550 383 Petrus
571 340 730 383 vitalis
769 342 1001 397 quondam
1022 342 1223 386 notarius
1244 343 1573 401 init-ascriptus.

206 481 315 524 Item
342 494 425 537 ego
451 483 609 526 Petrus
660 483 835 526 Ricardi
886 497 1152 540 recognosco
1196 498 1276 541 pro
1327 487 1596 543 memetipso
1623 501 1695 530 me

142 554 293 594 tenere
318 565 346 594 a
365 553 483 595 dicto
521 553 706 596 domino
749 555 976 610 episcopo,
1032 556 1322 599 medietatem
1371 571 1450 612 pro
1500 558 1694 601 indiviso

144 622 282 680 maris
308 622 364 664 de
387 623 597 672 Salvano;
624 627 669 666 et
693 623 1004 667 confroutatur
1029 625 1199 669 dictum
1221 640 1344 670 mare
1372 640 1429 669 ex
1455 641 1546 670 una
1566 631 1693 685 parte

140 704 243 734 cum
270 693 384 736 mari
411 694 466 736 de
494 695 646 742 Podio,
678 708 735 737 ex
761 694 851 737 alia
875 708 978 737 cum
1006 697 1119 739 mari
1141 697 1197 740 de
1224 696 1428 746 Arnials,
1477 699 1599 755 quod
1626 703 1693 742 est

141 763 197 805 de
223 763 356 806 Vivio
376 766 510 818 (mols
536 766 710 822 qrattes
737 765 771 808 2
790 773 901 808 cent.
902 771 938 821 ),
965 780 1023 809 ex
1048 767 1137 810 alia
1157 781 1259 811 cum
1282 772 1454 824 stagno.

197 834 246 876 In
272 849 362 892 quo
390 836 510 879 idem
537 836 748 879 dominus
794 837 1031 893 episcopus
1059 838 1195 882 habet
1245 839 1513 887 dominium.
1545 841 1691 883 consi—

138 904 266 953 lium,
296 906 562 950 laudimium
593 910 637 949 et
663 921 742 963 pro
769 908 940 950 usatico
985 922 1065 950 sex
1085 909 1308 952 denarios.
1655 950 1659 953 .

195 976 339 1032 Hujus
365 978 428 1020 rei
455 977 638 1021 fuerunt
658 982 795 1021 testes
822 979 980 1022 Petrus
1008 980 1246 1029 Azemarfi,
1271 980 1540 1024 Guillelmus
1566 981 1691 1039 May-

134 1047 256 1090 rosii.
288 1051 333 1090 eL
359 1049 572 1104 magister
597 1050 755 1092 Petrus
783 1049 942 1093 vitalis
977 1051 1208 1106 quondam
1254 1052 1462 1107 publicus
1515 1052 1688 1095 domini

134 1118 467 1174 Magalonensis
494 1121 694 1176 episcopi
721 1121 919 1164 notarius
941 1122 1241 1178 supradictus,
1261 1122 1339 1180 qui
1362 1123 1605 1181 requisitus
1631 1124 1686 1167 de

133 1190 396 1246 prescriptis
424 1194 578 1234 notam
606 1192 787 1247 recepit.

192 1260 254 1303 De
282 1274 372 1316 qua
400 1265 504 1304 nota
532 1275 620 1304 non
649 1262 892 1306 cancellata
911 1270 989 1305 etc.

997 1370 1092 1408 (aeg.
1122 1369 1156 1406 C,
1178 1370 1237 1400 101.
1262 1370 1322 1402 135
1342 1376 1394 1409 Γ).

388 1614 660 1658 DCCCXXV.
688 1640 740 1646 -——
762 1615 814 1657 21
845 1628 966 1657 mars
990 1615 1103 1658 1289
1125 1618 1188 1670 (n.
1222 1629 1257 1657 s.
1289 1615 1420 1671 1290)

174 1757 612 1794 Reconnaissanee
646 1756 764 1793 faite
784 1757 814 1792 ὲ,
833 1755 1050 1802 Ρόνόφιε
1071 1756 1130 1793 de
1150 1756 1198 1793 la
1234 1767 1342 1794 mer
1362 1757 1421 1794 de
1460 1757 1679 1795 Salvian.

184 1891 315 1932 Anno
341 1887 663 1930 Incarnationis
689 1887 919 1929 Dominice
946 1887 1007 1929 ΜΟ
1034 1887 1344 1930 ducentesimo
1365 1889 1674 1942 octuagesimo

125 1974 258 2008 nouo,
288 1964 334 2002 et
357 1959 625 2001 duodecimo
656 1958 871 2000 kalendas
922 1958 1092 2014 aprilis,
1122 1971 1204 2012 ego
1229 1958 1457 2001 Johannes
1502 1958 1677 2002 Valleta

124 2044 392 2087 recognosco
419 2043 491 2072 me
519 2033 668 2072 tenere
695 2042 723 2071 a
742 2029 926 2072 domino
947 2029 1227 2084 Berengario‚
1258 2029 1338 2071 Dei
1364 2030 1508 2084 gratia
1528 2030 1679 2086 Maga-

122 2103 298 2145 lonensi
324 2102 549 2158 episcopo,
589 2100 880 2142 medietatem
910 2101 1048 2143 maris
1075 2101 1129 2142 de
1160 2101 1373 2150 Salvano;
1404 2104 1447 2143 et
1473 2101 1678 2144 confron-

122 2178 243 2217 tatur
266 2186 371 2215 cum
397 2172 512 2214 mari
538 2172 593 2214 de
633 2171 786 2219 Podio‚
837 2175 881 2214 et
907 2184 1010 2213 cum
1038 2172 1203 2227 plagia,
1233 2175 1278 2214 et
1321 2184 1424 2214 cum
1452 2172 1565 2214 mari
1618 2172 1673 2215 de

119 2245 375 2292 Canalibus;

179 2316 228 2358 ln
253 2328 345 2372 qua
370 2315 555 2370 (zquo)
583 2313 703 2356 idem
725 2313 937 2356 dominus
974 2314 1212 2368 episcopus
1239 2313 1376 2356 habet
1401 2313 1668 2361 dominium.

119 2386 372 2433 consilium,
403 2385 672 2427 laudimiuin
699 2387 742 2426 et
764 2397 842 2439 pro
874 2383 1044 2426 usatico
1071 2396 1152 2426 sex
1178 2383 1402 2426 denarios.

177 2456 320 2512 Hujus
346 2459 390 2498 et
416 2456 582 2510 (ει-εὶ)
603 2454 784 2497 fuerunt
822 2457 958 2497 testes
983 2454 1176 2496 Jacobus
1197 2454 1382 2502 Revelli‚
1403 2453 1671 2497 Guillelmus

118 2527 285 2576 Quali,
315 2529 360 2569 et
385 2526 599 2581 magister
625 2526 781 2568 Petrus
808 2524 983 2571 Vitalis,
1014 2524 1244 2581 quondam
1270 2525 1476 2581 publicus
1496 2525 1670 2567 domini

117 2597 449 2653 Magalonensis
469 2597 670 2652 episcopi
695 2596 908 2644 notarius,
939 2596 1016 2651 qui
1043 2595 1287 2650 requisitus
1332 2596 1386 2638 de
1411 2596 1668 2652 prescriptis

118 2671 271 2711 uotam
297 2669 482 2724 recepit.

176 2738 236 2781 De
262 2752 353 2794 qua
382 2742 489 2781 nota
509 2745 586 2780 etc.

1103 2820 1244 2858 «nego
1266 2819 1321 2850 tol.
1349 2818 1404 2849 137
1427 2824 1477 2855 ν’).
