2205 3299
1139 187 1388 231 -210—

491 295 711 353 magister
735 294 984 351 Arlegerius
1012 293 1068 337 de
1095 294 1273 342 Parma,
1316 293 1490 336 domini
1516 293 1637 350 Pape
1689 292 1893 348 scriptor,
1947 292 2057 335 Par-

493 365 666 412 mensis
692 365 946 414 canonicus,
972 367 1017 408 et
1041 364 1186 420 ipsius
1214 362 1389 407 domini
1439 376 1520 419 pro
1546 362 1756 406 censibus
1784 357 2052 415 exhigendis
2118 395 2123 400 .
2153 371 2155 374 ’

492 435 695 484 nuntius,
728 435 923 479 salutem
944 435 989 477 in
1016 434 1222 478 Domino.
1887 428 1890 432 ’

551 506 777 550 Noveritis
805 520 879 549 me
906 519 985 562 pro
1006 519 1144 549 censu
1165 504 1327 560 viginti
1355 502 1639 548 marcharum
1663 502 1854 559 argenti,
1884 502 1933 545 in
1957 515 2049 560 quo

494 578 767 622 venerabilis
794 580 922 633 pater
947 577 1158 620 dominus
1180 576 1420 632 episcopus
1442 573 1790 631 Magalonensis,
1815 586 1898 629 pro
1917 574 2055 616 comi-

493 651 591 693 tatu
617 648 820 702 Melgorii
850 661 927 690 seu
956 647 1338 694 Montisferrandi‚
1370 648 1549 689 tenetur
1598 647 1801 689 Romane
1853 643 2049 687 Ecclesie

491 719 540 763 in
554 720 668 763 festo
684 718 1040 761 Resurrectionis
1057 717 1289 761 Dominice
1310 717 1546 760 annuatim
1568 715 1885 773 persolvendo,
1915 727 1943 757 a
1963 713 2054 776 dis-

491 790 624 834 cretis
651 788 760 832 viris
790 790 1006 846 magistro
1033 789 1235 832 Johanne
1262 784 1487 835 Brmiene,
1542 789 1712 829 rectore
1765 785 1952 828 ecclesie
1998 784 2056 829 de

492 861 780 909 Muroveteri,
808 865 851 903 et
876 860 1082 903 Johanne
1097 860 1152 902 de
1175 860 1334 906 Nanto,
1360 861 1531 901 rectore
1554 856 1741 900 ecclesie
1765 855 1920 900 Sancti
1941 856 2057 900 Pau-

488 930 521 974 li
547 931 603 974 de
630 931 989 980 Montecamer,
1020 930 1153 973 certis
1181 932 1225 971 et
1251 928 1523 984 specialibus
1552 926 1922 983 procuratoribus
1943 926 2052 970 dicti

489 1000 661 1044 domini
689 1001 887 1057 episcopi
915 1003 961 1043 ut
990 1002 1178 1047 constat,
1212 1013 1292 1054 per
1318 999 1551 1054 publicum
1592 997 1948 1041 instrumentum
1975 998 2060 1054 por'

488 1084 677 1115 manum
723 1071 952 1114 Guillelmi
980 1070 1148 1118 Garini,
1181 1069 1350 1125 publici
1378 1068 1588 1123 Melgorii
1633 1068 1797 1111 notarii
1847 1068 2047 1124 presenti

486 1155 619 1191 anno,
654 1142 729 1184 VII
756 1141 975 1184 kalendas
1003 1140 1196 1183 octobris
1224 1140 1442 1195 scriptum
1470 1142 1514 1182 et
1550 1139 1696 1194 sigillo
1747 1139 1891 1196 ipsius
1935 1139 2056 1196 epis-

483 1212 585 1268 copi
611 1213 886 1262 roboratum‚
917 1225 1069 1255 coram
1109 1210 1410 1266 infrascriptis
1438 1201 1778 1266 presencialiter
1803 1210 1955 1253 visum
1977 1238 1982 1245 ,
2005 1213 2050 1254 et

483 1283 665 1332 lectum,
696 1284 894 1331 nomine,
927 1286 970 1325 et
996 1283 1095 1325 vice
1122 1296 1173 1325 ac
1193 1282 1249 1324 de
1275 1282 1490 1324 mandato
1515 1280 1720 1336 ejusdem
1742 1281 1917 1324 domini
1938 1281 2058 1338 epis-

486 1354 602 1409 copi,
633 1368 715 1408 pro
743 1354 923 1396 duobus
950 1353 1082 1396 annis
1133 1352 1361 1408 preteritis
1394 1352 1696 1400 solventibus,
1754 1352 2060 1408 quadraginta

485 1425 693 1467 marchas
720 1425 896 1479 argenti
923 1425 978 1467 de
1006 1424 1233 1478 sterlingis
1280 1423 1411 1477 bonis
1463 1426 1507 1465 et
1557 1422 1795 1478 legalibus,
1826 1423 2054 1467 tredecim
2130 1451 2133 1455 -

485 1495 641 1538 solidis
670 1498 713 1538 et
739 1498 933 1551 quatuor
959 1493 1156 1537 denariis
1184 1494 1507 1549 sterlingorum
1535 1507 1615 1549 pro
1642 1494 1846 1550 qualibet
1867 1482 2079 1541 marcha
2144 1536 2146 1540 ,

487 1566 776 1624 computatis,
810 1565 993 1608 nomine
1015 1568 1059 1608 et
1086 1565 1183 1607 vice
1205 1564 1377 1606 domini
1399 1565 1520 1620 Pape
1541 1567 1585 1607 et
1628 1566 1830 1608 Romane
1853 1565 2049 1616 Ecclesia
2078 1587 2080 1589 ·
2126 1560 2137 1593 Ῐ
2185 1565 2188 1573 ’

491 1637 733 1694 recepisse,
765 1636 892 1680 salvo
922 1639 1075 1679 tamen
1094 1635 1191 1691 jure
1214 1635 1388 1678 domini
1406 1637 1535 1691 ,Pape
1558 1638 1603 1678 et
1628 1636 1831 1679 Romane
1859 1635 2055 1680 Ecclesie

495 1721 577 1765 pro
603 1707 692 1750 alio
721 1720 860 1750 censu
887 1709 1085 1764 quatuor
1110 1706 1351 1749 unciarum
1378 1706 1492 1754 auri,
1519 1706 1556 1748 si
1584 1698 1814 1762 predictus
1841 1707 2056 1751 dominus

497 1778 736 1834 episcopus
764 1778 917 1833 ipsum
945 1791 1147 1825 censum,
1180 1777 1294 1820 sicut
1337 1777 1385 1819 in
1412 1777 1573 1820 litteris
1623 1791 1842 1820 censuum
1868 1778 2058 1822 bullatis
2123 1794 2131 1818 :·
2181 1797 2183 1802 ¹

475 1862 610 1911 ‚quas
638 1849 783 1891 habco
811 1848 1031 1904 scriptum
1059 1851 1140 1896 est,
1161 1847 1336 1903 dejure
1364 1848 1540 1890 solvere
1568 1849 1812 1891 teneretur.
2107 1898 2130 1907 .
2178 1892 2181 1897 „

553 1920 672 1970 Quas
700 1919 1001 1974 quadraginta
1028 1919 1235 1960 marchas
1262 1919 1435 1972 argenti
1476 1918 1701 1974 recepisse
1729 1916 1953 1963 confiteor
1977 1932 2077 1977 pro‘
2116 1908 2146 1957 's'
2172 1908 2181 1977 -f

495 2002 614 2034 auno
642 1989 855 2044 preterito
882 1989 928 2030 in
955 1988 1069 2031 festo
1097 1988 1328 2031 Pasehatis
1357 1988 1563 2043 proxime
1590 1989 1792 2044 preteriti
1832 1989 1982 2039 finito,
2013 1993 2059 2034 et
2122 2000 2132 2026 ἱ

497 2073 578 2117 pro
605 2060 804 2116 quodam
832 2059 919 2102 alio
947 2073 1067 2101 anno
1095 2059 1139 2100 in
1167 2058 1281 2101 t'cslo
1308 2060 1669 2102 Resurrectionis
1695 2061 1928 2105 Dominice
1949 2064 2058 2107 anni
2127 2103 2130 2106 .

496 2130 717 2174 currentis
746 2130 987 2173 millesimo
1014 2129 1232 2172 CCLKVH
1257 2130 1357 2185 (sic)
1381 2130 1590 2172 similiter
1612 2131 1867 2182 terminato,
1886 2146 1991 2176 cum
2011 2134 2057 2177 in
2110 2128 2115 2153 ²
2171 2179 2173 2181 ,

498 2201 725 2245 solucione
754 2201 942 2257 predicti
968 2213 1156 2242 censum
1184 2202 1443 2256 (zcensus)
1474 2214 1554 2256 pro
1581 2215 1662 2243 sex
1689 2203 1820 2245 annis
1846 2203 1959 2248 alias
1979 2218 2059 2248 an·
2114 2218 2122 2229 ·>
2171 2237 2175 2243 .

497 2285 557 2315 no
584 2272 792 2328 proxime
822 2271 1034 2327 preterito
1064 2271 1195 2313 michi
1227 2270 1342 2314 facia
1364 2275 1635 2319 nosceretur,
1667 2272 1722 2315 de
1743 2277 1915 2330 quanto
1943 2279 2059 2319 tem-
2169 2326 2173 2334 ‚

498 2357 607 2398 pore
634 2343 888 2385 antswlictu's
917 2342 1129 2384 dominus
1156 2343 1394 2397 episcopus
1421 2343 1724 2398 prescriptum
1750 2357 1938 2388 censum
1967 2332 2060 2390 sol-'
2169 2344 2173 2372 ἶ

497 2426 604 2455 vere
658 2417 899 2458 teneretur,
931 2415 974 2454 et
1003 2427 1120 2454 nune
1156 2427 1236 2467 per
1285 2413 1519 2467 publicum
1570 2413 1944 2466 instrumentum,
1973 2411 2121 2474 per‘j'
2161 2422 2171 2467 ζ’

498 2492 687 2527 manum
729 2484 948 2525 ιΙ1111111111ἶε·
989 2484 1148 2525 Senem.
1203 2482 1365 2525 notarii
1417 2483 1585 2539 publici
1636 2485 2053 2541 Montispessulani,
2096 2483 2099 2485 ’
2163 2479 2169 2538 ζ

497 2567 616 2597 anno
646 2554 876 2595 Ι)()111111ῗ1111
906 2554 1228 2596 Izicarnzitionis
1258 2553 1502 2596 millesimo
1530 2555 1842 2599 ducentesimo
1869 2571 2076 2614 sexage-.
2107 2595 2110 2597 Α
2160 2590 2167 2603 ..

495 2624 799 2683 simoquinto,
822 2624 963 2678 pridie
988 2624 1087 2665 idus
1112 2625 1254 2666 :nai-tii
1273 2624 1543 2672 conlectum,
1564 2628 1771 2669 eicos-am
1790 2628 2057 2686 subscriptis
2160 2617 2167 2660 .'

493 2695 661 2738 lectum
685 2694 936 2748 reperffa²ur
965 2694 1336 2748 prffloniiilat11111
1385 2695 1622 2737 domiuum
1675 2696 1948 2753 episcopum
1974 2698 2083 2743 su-ss‘

492 2765 797 2828 prascriptunl
824 2777 1010 2815 censum
1064 2764 1387 2807 mercatoribus
1416 2765 1710 2814 Senensibus,
1745 2765 1823 2826 [in]
1852 2769 2103 2824 predictos
2154 2758 2162 2832 ᾖ

458 2856 460 2860 v
492 2837 589 2880 loco
618 2838 729 2898 tunc.
754 2835 1048 2879 morantibus,
1071 2835 1125 2875 de
1180 2835 1392 2877 mandato
1443 2835 1616 2878 domini
1643 2837 1763 2892 Pape
1808 2828 2087 2885 Clementi&

982 2986 992 3010 t
