2040 3404
801 357 853 364 Μ
883 329 965 376 731
995 324 1048 364 »έ-

148 450 209 481 no
235 438 507 489 Bremundo,
537 440 639 484 licet
666 441 844 484 absenti
866 443 909 483 et
935 440 1065 484 vobis
1091 439 1208 483 dicto
1229 439 1520 494 procuratori.
1546 452 1626 495 pro
1648 452 1702 483 eo

148 509 395 566 recipienti,
427 511 537 559 do.,.

208 579 261 622 Et
275 581 330 624 de
347 581 456 638 ipsis
472 582 685 625 omnibus
713 596 784 625 me
806 586 849 625 et
865 596 989 626 meos
1010 582 1189 638 penitus
1210 581 1495 630 disvestiens,
1516 595 1700 638 prorsus

148 650 342 695 investio
369 652 518 708 ipsum
547 653 783 695 dominum
812 653 1120 696 Bremundum
1166 655 1210 696 et
1253 666 1374 702 suos,
1421 653 1700 698 constituens

147 720 301 777 ipsum
320 723 366 765 in
388 723 575 771 eisdem,
602 727 649 765 ut
671 724 715 765 in
738 738 834 766 rem
856 737 985 766 suam
1011 723 1254 779 propriam,
1282 736 1440 765 verum
1462 723 1699 766 dominum

149 794 283 849 atqfle
310 797 660 849 procuratorem,
686 795 911 837 etfaciam
940 795 1103 836 habere
1132 794 1280 850 ipsum
1319 794 1554 836 dominum
1598 794 1702 836 Bre-

149 864 371 906 mundum
388 867 431 907 et
451 879 564 921 quos
586 866 791 913 voluerit,
811 866 976 907 dictam
988 878 1082 907 rem
1100 865 1330 907 venditam
1347 868 1391 907 et
1412 869 1561 907 tenere
1583 878 1701 908 sem-

148 946 230 988 per
255 935 439 989 pacifice
467 938 510 977 et
553 936 717 992 quiete,
749 950 799 978 ac
826 937 962 978 etiam
987 936 1232 991 possidere.
1263 939 1307 977 ct
1346 936 1404 978 ab
1449 936 1572 978 omni
1598 950 1702 979 con·

149 1004 393 1048 tradicente
422 1020 612 1062 persona
636 1007 731 1062 jure
778 1006 1020 1049 defendam
1047 1007 1091 1048 in
1140 1006 1305 1062 judicio
1342 1010 1386 1049 ct
1412 1010 1541 1050 extra
1583 999 1702 1062 jadi-

149 1075 268 1117 cium
294 1076 445 1132 ipsum
472 1078 708 1120 dominum
737 1078 1043 1119 Bremundum
1065 1081 1108 1120 et
1134 1091 1252 1120 suos.

209 1146 261 1189 Et
287 1147 555 1191 evictionem
584 1149 669 1190 sibi
696 1152 736 1190 et
766 1149 857 1191 suis
878 1149 1078 1195 reddam,
1104 1148 1141 1191 si
1169 1148 1214 1190 in
1237 1149 1355 1192 etde
1383 1149 1503 1193 dicta
1522 1163 1567 1192 re
1595 1163 1704 1194 xen-

151 1216 244 1260 dita
270 1218 361 1260 ullo
390 1222 591 1274 tempore
620 1219 743 1261 ficret
772 1219 816 1260 in
846 1220 1041 1261 solidum
1069 1219 1212 1261 autin
1235 1223 1375 1275 parte.

209 1287 421 1346 Obligans
448 1290 566 1337 inde,
599 1304 678 1345 pr.)
700 1290 910 1332 omnibus
938 1293 981 1332 et
1025 1290 1213 1346 singulis
1252 1291 1535 1347 supradictis,
1583 1292 1701 1335 dicto

152 1360 337 1402 domino
359 1361 614 1403 Bremundo
636 1364 679 1403 ct
706 1362 814 1409 suis,
845 1365 889 1404 et
915 1362 1044 1404 vobis
1071 1361 1189 1404 dicto
1212 1363 1502 1417 procuratori,
1541 1377 1623 1420 pro
1648 1376 1701 1407 eo

150 1430 400 1487 recipienti,
432 1445 503 1473 me
531 1434 574 1473 et
600 1432 752 1474 onmia
774 1433 893 1475 bona
913 1446 1016 1475 mea
1039 1432 1261 1488 presentia
1282 1436 1326 1476 et
1346 1432 1510 1483 futura;
1530 1448 1694 1478 renun-

148 1501 272 1545 cians
299 1502 403 1545 inde
430 1502 685 1558 exceptioni
730 1503 819 1546 doli
848 1506 891 1545 et
918 1502 1104 1549 fraudis,
1129 1505 1173 1545 et
1198 1503 1245 1545 in
1271 1503 1438 1546 factum
1460 1505 1624 1548 actioni
1659 1508 1704 1548 et.

150 1574 274 1616 omni
295 1574 368 1616 alii
396 1573 498 1629 juri,
529 1587 618 1630 quo
645 1576 799 1616 contra
819 1573 973 1616 venire
1000 1587 1229 1629 posssem.

209 1644 460 1700 Prescripta
486 1657 593 1686 vera
619 1657 732 1692 esse,
763 1647 808 1687 et
827 1657 881 1687 ea
901 1657 1098 1692 servare,
1122 1645 1375 1694 attendere,
1412 1649 1456 1689 et
1474 1647 1701 1703 complere

150 1715 379 1772 promitto;
410 1718 454 1757 et
480 1714 541 1757 sic
566 1715 679 1770 juro.
713 1715 807 1757 Sub
829 1729 918 1771 quo
938 1714 1195 1770 juramento
1216 1716 1413 1772 promito
1433 1717 1563 1760 vobis
1583 1718 1705 1775 quod

150 1786 305 1828 omnia
330 1786 629 1828 instrumenta
655 1786 925 1841 pertinentia
951 1788 995 1828 et
1020 1799 1107 1842 que
1135 1787 1386 1830 necessaria
1410 1791 1541 1830 erunt
1561 1788 1618 1831 ad
1638 1802 1707 1831 se-

150 1856 384 1899 curitatem
405 1856 520 1898 dicte
541 1856 605 1899 rei
627 1856 822 1904 vendite,
848 1856 979 1898 vobis
1009 1857 1151 1899 habeo
1172 1857 1272 1913 (sie)
1299 1858 1486 1901 reddam
1514 1861 1559 1902 et
1577 1859 1705 1902 resti-

150 1931 292 1970 tuam.
312 1928 364 1970 Et
384 1927 584 1983 predicta
598 1927 753 1969 onmia
774 1929 816 1969 et
833 1927 1009 1981 singula
1029 1926 1192 1969 faciam
1207 1928 1382 1971 laudari
1396 1931 1440 1972 ct
1460 1929 1708 1987 emologari

150 1999 209 2041 ab
235 1998 446 2041 omnibus
461 1998 664 2054 personis
685 2001 728 2040 et
749 1997 952 2053 singulis,
971 1998 1241 2041 habentibus
1255 1998 1327 2055 jus
1341 2000 1386 2041 in
1401 2000 1521 2044 dicta
1534 2015 1581 2044 re
1596 2014 1705 2044 ven-

152 2070 260 2118 dita,
290 2072 334 2112 et
353 2069 513 2111 cedent
534 2072 577 2112 et
599 2069 826 2111 remittent
846 2069 1000 2111 omnia
1019 2068 1118 2124 jura
1138 2072 1181 2112 et
1201 2070 1400 2114 actiones
1420 2085 1508 2127 que
1529 2075 1574 2115 et
1593 2085 1707 2128 quas

151 2139 317 2183 habent
338 2140 410 2182 vel
436 2140 531 2181 vise.
560 2143 666 2182 sunt
688 2140 852 2182 habere
882 2140 927 2180 in
954 2153 1000 2181 re
1023 2140 1208 2182 vendita
1238 2154 1523 2198 quocumque
1553 2143 1702 2188 modo,

151 2210 323 2254 ratione
339 2213 384 2252 et
397 2224 546 2258 causa,
566 2213 609 2252 et
629 2210 715 2252 alia
735 2210 749 2251 s
752 2210 897 2252 acient
914 2210 1008 2251 sine
1024 2210 1203 2252 datione
1220 2213 1432 2266 peccunie
1453 2217 1497 2255 et
1521 2214 1708 2257 alterius

150 2281 215 2323 rei
259 2281 314 2323 ad
343 2280 592 2336 simplicem
644 2281 983 2337 requisitionem
1009 2281 1114 2322 dicti
1165 2281 1335 2323 domini
1374 2283 1619 2326 Bremundi
1662 2287 1708 2326 et

153 2365 336 2394 suorum
364 2354 407 2393 ct
432 2365 534 2393 cum
559 2351 813 2406 juramento
839 2352 1071 2406 corporali.

213 2422 295 2464 Pro
323 2422 490 2464 usatico
511 2436 617 2464 vero
643 2423 767 2465 dabit
817 2422 1026 2464 dominus
1071 2423 1352 2467 Bremundus
1379 2428 1424 2468 et
1466 2413 1536 2469 sui
1560 2431 1708 2470 castro

153 2492 534 2540 Montisferrandi,
559 2492 606 2534 in
632 2493 745 2535 sesto
768 2493 909 2535 sancti
943 2493 1060 2534 Petri
1088 2493 1142 2536 de
1166 2498 1372 2550 augusto,
1403 2498 1493 2539 tres
1518 2497 1712 2540 eartalas

155 2563 278 2606 ordei
306 2566 348 2605 et
375 2566 569 2618 quatuor
594 2563 802 2605 denarios
827 2562 1146 2617 nwlgorienses
1187 2565 1338 2608 minus
1365 2579 1458 2610 una
1481 2567 1614 2623 picta.

212 2635 365 2676 Testes
392 2637 495 2676 sunt
521 2634 802 2676 Raimundus
830 2635 884 2675 de
915 2633 958 2675 la
980 2633 1106 2675 Mola
1147 2635 1296 2678 Sancti
1323 2636 1450 2692 Egidi
1481 2637 1536 2680 de
1562 2637 1704 2687 Fisco,

153 2704 421 2747 Guillelmus
447 2705 679 2747 Bertrandi
707 2705 909 2760 ejusdcm
938 2705 1035 2752 loci,
1061 2705 1232 2748 domini
1257 2707 1486 2751 Johannes
1513 2708 1702 2758 Barroti,

154 2775 312 2817 Petrus
339 2775 393 2817 de
421 2775 657 2830 Yaqueriis
686 2775 937 2831 presbiteri,
969 2778 1013 2817 et
1037 2775 1306 2820 Guillelmus
1333 2777 1388 2821 de
1416 2779 1557 2822 Ponte
1585 2781 1713 2824 nota-

155 2846 247 2887 rius
275 2846 668 2901 Montispcssulani
716 2847 808 2888 xita
858 2846 1053 2895 iunctus,
1082 2847 1161 2903 qui
1188 2848 1243 2890 de
1293 2849 1506 2904 predictis
1553 2853 1711 2894 notam

158 2916 348 2972 scripsit.
