2205 3299
1156 83 1177 87 --
1208 55 1292 97 432
1358 79 1368 83 -

474 180 545 219 tus
574 173 845 229 Dolunoyra
895 168 1182 210 mercatores,
1207 163 1335 215 nugo
1361 155 1609 202 Aldeberii,
1639 154 1865 196 Duranius
1903 146 2039 190 More-

473 246 613 290 tanlza
667 240 937 299 piperarius.
995 236 1225 279 ,Iohannes
1271 228 1549 274 Christofori,
1598 222 1860 267 Jacominus
1906 217 2031 273 Nigri

472 329 696 372 campsor,
728 312 934 355 Andreas
962 305 1138 350 Fredoli
1166 302 1411 347 canonicus
1440 294 1792 354 Magalonensis‚
1817 289 2033 335 dominus

475 386 774 444 Raymundus
802 384 857 426 de
878 382 1108 423 Bonturos
1137 374 1259 431 prior
1279 371 1464 416 ecclesie
1492 370 1547 412 de
1575 365 1788 420 Garrigis,
1818 360 2032 406 dominus

475 462 635 502 Petrus
658 457 713 499 de
740 452 966 496 Viridario
1007 448 1128 505 prior
1148 444 1333 489 ecclesie
1361 443 1416 485 de
1443 436 1767 494 Restengloriis
1794 437 1839 476 et
1875 430 2034 475 castel-

473 531 606 573 lanus
627 522 1008 570 Montisferrandi‚
1035 521 1194 562 Petrus
1234 516 1290 558 de
1317 513 1450 557 Albia
1488 510 1612 568 prior
1637 506 1822 551 ecclesie
1849 504 1906 546 de
1932 502 2035 545 Cre-

474 601 553 648 sio‚
583 596 880 651 Berengarius
926 591 1059 636 Bovis
1098 588 1302 635 clericus,
1333 589 1377 628 et
1415 597 1497 639 ego
1524 581 1752 624 Johannes
1779 571 2030 620 Grimaudi‚

476 669 685 726 publicus
713 660 1116 720 Montispessulani
1144 658 1363 704 notarius,
1389 654 1482 711 qui,
1513 652 1727 705 utrinque
1747 643 2036 702 rogatus‚hec

479 740 635 796 scripsi
663 741 707 780 et⁴
734 737 861 792 signo
883 748 985 777 meo
1014 731 1205 787 signavi.

1363 873 1459 909 (neg.
1477 870 1515 903 c,
1539 869 1597 898 τοι.
1620 867 1673 897 ¹01
1700 870 1760 902 w).

1119 986 1396 994 Μ,-

896 1173 1167 1218 DCCCXVII.
1201 1197 1253 1202 —
1276 1170 1334 1212 30
1359 1172 1467 1213 aoht
1497 1169 1607 1212 1289

531 1325 758 1373 Enquete
779 1333 843 1359 au
863 1319 992 1366 sujet
1013 1317 1076 1353 du
1114 1325 1222 1351 mas
1243 1314 1303 1349 de
1323 1312 1529 1349 Duabus
1550 1311 1708 1356 Oasis,
1729 1312 1845 1358 pres
1864 1312 2044 1358 Assas,

476 1392 527 1428 et
553 1387 805 1424 sentence.

544 1524 672 1564 Anno
698 1510 1022 1559 lncarnationis
1062 1506 1243 1550 Domini
1285 1505 1526 1547 millesimo
1554 1504 1866 1547 ducentesimo
1891 1508 2046 1548 octua-

477 1593 651 1651 gesimo
691 1600 826 1633 nono,
860 1582 993 1626 tercio
1040 1577 1253 1621 videlicet
1292 1576 1515 1618 kalendas
1545 1575 1835 1630 septembris,
1892 1579 2045 1631 pateat

483 1660 714 1708 universis
741 1660 784 1699 et,
811 1653 1000 1709 singulis
1029 1650 1148 1706 quod
1180 1646 1457 1689 venerabilis
1486 1649 1616 1702 pater
1642 1646 1855 1689 dominus
1883 1648 2046 1690 Beren-

483 1735 653 1792 garffls,
683 1730 763 1773 Dei
789 1725 934 1783 gratia
960 1719 1293 1776 Magalonensis
1321 1718 1575 1773 episcopus,
1603 1717 1770 1760 direxit
1795 1718 2043 1774 quamdam

488 1808 686 1850 litteram
715 1800 961 1856 patenteme
1007 1792 1153 1847 sigillo
1181 1804 1262 1833 suo
1290 1788 1507 1845 pendenti
1535 1788 1793 1843 sigillatam,
1823 1791 1873 1831 ut
1900 1789 2047 1844 prima.

488 1877 601 1920 facie
628 1871 894 1929 apparebat,
938 1866 1131 1908 discreto
1170 1861 1266 1903 viro
1305 1860 1490 1902 domino
1515 1859 1757 1902 Guillelmo
1796 1860 1851 1902 de
1890 1861 2042 1908 Portu.

489 1950 642 2002 legum
670 1941 839 1986 doctori
868 1942 912 1981 et
938 1935 1096 1978 rectori
1124 1931 1311 1975 ecclesie
1333 1932 1389 1973 de
1429 1931 1626 1973 Arsacio.

546 2017 682 2072 Cujus
709 2013 856 2056 littere
880 2012 1008 2051 tenor
1036 2005 1136 2047 talis
1163 2006 1245 2046 est:

546 2170 859 2226 Berengarius‚
906 2160 1197 2206 miseratione
1226 2158 1385 2201 divina
1417 2157 1749 2212 Magalonensis
1789 2159 2045 2216 episcopus,

488 2244 683 2303 sapienti
711 2242 807 2283 viro
834 2235 1025 2294 provido
1052 2235 1097 2275 et
1123 2231 1315 2273 discreto
1343 2228 1593 2270 Guillelmo
1621 2228 1676 2270 de
1699 2229 1849 2277 Portu,
1889 2234 2047 2276 rectori

491 2316 676 2362 ecclesie
705 2309 855 2355 Sancti
904 2303 1129 2349 Marcialis
1156 2302 1213 2343 de
1253 2298 1454 2346 Arsacio,
1487 2298 1679 2340 salutem
1726 2299 1770 2340 in
1799 2300 1915 2343 Vero
1953 2317 2050 2345 om-

490 2390 621 2432 nium
642 2381 855 2427 Salutat-i.

554 2459 747 2501 Causam
787 2464 875 2508 que
903 2446 1108 2490 vertitur.
1148 2447 1192 2486 et
1218 2456 1306 2498 que
1345 2442 1423 2483 diu
1451 2441 1670 2483 ventilata
1697 2442 1859 2486 extitit.
1892 2448 1936 2486 et
1960 2460 2049 2501 que

494 2531 637 2574 eciam
665 2521 872 2568 ventilari
919 2521 1139 2574 speratur,
1172 2515 1287 2556 inter
1331 2512 1540 2556 dominos
1584 2512 1716 2554 castri
1745 2513 1801 2554 de
1847 2515 2045 2562 Arsacio,

495 2611 671 2645 necnon
707 2593 847 2638 tocius
891 2586 1215 2646 jurisdictionis
1254 2588 1298 2627 et,
1325 2582 1568 2626 tenementi
1614 2581 1818 2638 ejusdem
1864 2599 1921 2627 ex
1959 2601 2051 2631 una

493 2673 637 2730 parte:
669 2670 713 2709 et
739 2677 821 2707 nos
849 2675 929 2704 seu
957 2658 1254 2702 castellanum
1286 2657 1492 2697 nostrum
1520 2653 1656 2695 castri
1684 2653 2049 2700 Montisferrancli

495 2758 554 2788 ex
581 2740 736 2784 altera.
766 2732 998 2778 occasione
1027 2743 1104 2770 seu
1136 2727 1304 2769 ratione
1331 2724 1476 2767 mansi
1497 2724 1553 2766 de
1578 2724 1764 2766 Duabus
1784 2726 1925 2775 Casis;
