2205 3299
1134 192 1382 234 -174-

480 325 572 356 non
599 310 767 358 existit,
798 310 842 351 et
891 306 1003 349 forte
1031 304 1184 361 posset
1233 299 1490 354 contingere
1541 295 1662 352 quod
1689 292 1810 336 dicta
1858 291 2058 335 moneta

480 382 585 427 cudi
610 395 701 424 non
721 381 876 437 posset
897 376 969 436 [ad
997 367 1250 432 predictum
1295 366 1506 426 pondus],
1538 368 1721 422 propter
1747 361 1937 418 argenti,
1967 360 2042 403 vet

483 449 646 497 bill'oni
673 465 754 495 seu
780 447 1030 493 bosonallie
1058 444 1249 487 nimiam
1276 440 1521 487 caristiam,
1553 441 1597 481 et
1623 435 1746 492 quod
1774 438 1893 477 terra
1917 433 2043 475 Mon-

482 521 777 581 tispessulani
805 523 850 563 et
899 519 1056 561 nostra
1082 518 1190 558 tunc
1235 511 1352 554 dicte
1380 511 1561 553 monete
1606 506 1778 550 fabrica
1803 504 2042 559 indigeret,

484 597 642 651 utpote
663 605 753 636 non
770 589 1025 634 sufficiente
1048 587 1231 629 moneta
1251 580 1532 637 temporibus
1559 577 1785 634 prioribus
1807 575 2042 624 fabricata,
2106 609 2113 612 .

449 697 462 705 Ι
486 666 737 709 retinemus
765 659 1021 717 expressim
1044 656 1174 700 nobis
1201 657 1245 697 et
1292 652 1457 695 nostris
1494 649 1834 693 successoribus
1856 648 1901 690 in
1929 647 2050 690 futu-

487 749 605 784 rum,
636 733 773 792 quod,
805 732 850 773 in
877 743 984 773 casu
1012 727 1230 785 predicto,
1261 725 1316 767 de
1342 722 1532 766 consilio
1560 724 1604 763 et
1625 733 1847 763 consensu
1875 719 2050 762 domini

490 801 908 860 Montispessulani‚
940 800 977 843 si
1028 810 1214 855 presens
1241 794 1392 841 fuerit,
1442 793 1516 835 vel
1544 791 1640 847 ojus
1662 791 1811 833 locum
1838 791 2048 839 tenentis,

493 881 538 922 et
562 875 802 920 consulum
830 875 874 916 et
917 869 1092 914 consilii
1142 862 1559 922 Montispessulani,
1611 862 1837 919 possimus
1883 862 2054 905 dictum

494 947 674 1007 pondus
712 945 918 988 minuere
944 942 1269 997 competenter,
1298 937 1355 979 ad
1406 924 1700 977 communem
1729 936 1843 976 terre
1891 930 2058 977 utilita-

494 1022 588 1062 tem
616 1020 660 1060 et
680 1016 905 1058 minorem
932 1013 1049 1054 dicte
1076 1012 1274 1056 monete,
1300 1019 1438 1063 quam
1462 1004 1730 1060 poterimus,
1756 1005 1992 1048 lesionem.

559 1088 628 1131 Illi
654 1090 810 1130 tamen
837 1084 915 1140 qui
960 1081 1218 1138 predictum
1245 1077 1490 1121 consilium
1520 1078 1565 1118 et
1591 1088 1865 1129 consensum
1887 1076 2064 1119 dabunt

500 1159 647 1207 nohis,
667 1157 857 1211 excepto
872 1153 1057 1196 domino
1072 1147 1475 1204 Montispessulani
1491 1147 1568 1203 qui
1585 1160 1666 1202 pro
1682 1149 1886 1202 tempore
1906 1147 2057 1198 fuerit,

497 1229 719 1287 jurabunt
735 1225 793 1270 ad
820 1226 977 1268 sancta
996 1223 1076 1266 Dei
1104 1219 1343 1275 evangelia
1362 1219 1409 1261 in
1436 1231 1578 1261 manu
1604 1221 1776 1266 nostra,
1808 1218 1891 1272 ubi
1909 1219 2065 1262 volue-

500 1301 660 1348 rimus,
698 1298 745 1342 in
772 1293 1192 1351 Montepessulano,
1224 1290 1347 1347 quod
1374 1290 1423 1331 in
1462 1288 1678 1344 predictis
1718 1289 1895 1333 dabunt
1933 1290 2065 1334 nohis

502 1373 674 1414 bonum
700 1367 943 1412 consilium
969 1367 1013 1407 et
1040 1363 1199 1418 legale,
1230 1361 1287 1404 ad
1332 1373 1627 1403 communem
1654 1363 1771 1403 terre
1823 1361 2066 1406 utilitatem

509 1445 554 1485 et
580 1441 804 1483 minorem
833 1437 1015 1480 monete
1059 1433 1297 1481 lesionem,
1328 1432 1391 1473 ita
1418 1434 1571 1474 tamen
1620 1432 1743 1487 quod
1770 1431 1889 1476 dicta
1914 1446 2071 1476 mone-

509 1517 570 1562 ta,
602 1508 855 1554 secundum
881 1506 995 1549 illud
1021 1503 1264 1548 consilium
1292 1505 1336 1545 et
1361 1515 1648 1550 consensum,
1680 1505 1919 1554 commode
1964 1505 2073 1547 cudi

506 1583 666 1640 possit.

570 1655 627 1697 Ut
652 1655 808 1695 autem
835 1650 961 1693 viam
988 1646 1176 1691 malitiis
1215 1645 1551 1701 precludamus,
1606 1645 1821 1688 volumus
1841 1649 1886 1689 et
1911 1647 2075 1694 retine-

511 1738 614 1768 mus
641 1723 763 1780 quod
791 1721 829 1764 si
856 1719 1021 1776 prefati
1047 1716 1328 1761 consiliaturi
1351 1729 1432 1771 per
1458 1716 1572 1757 duos
1602 1729 1798 1765 menses,
1829 1720 2074 1774 postquam

512 1795 681 1838 fuerint
706 1791 927 1849 requisiti,
959 1788 1233 1836 distulerint,
1265 1787 1339 1829 vel
1381 1786 1611 1829 noluerint
1637 1787 1810 1830 (lictum
1837 1789 2077 1834 consilium

513 1870 558 1910 et
594 1875 868 1908 consensum
895 1861 1003 1904 dare
1043 1859 1191 1907 nob1s,
1244 1860 1349 1900 tunc
1375 1870 1458 1899 nos
1485 1860 1530 1899 et
1579 1856 1864 1905 successores
1915 1868 2071 1916 nostri,

513 1935 727 1980 habendo
755 1934 900 1976 Deum
927 1945 1007 1988 pre
1033 1930 1190 1983 oculis,
1215 1928 1481 1971 auctoritate
1526 1931 1682 1972 nostra
1730 1931 1903 1989 absque
1930 1939 2080 1993 requi-

519 2007 682 2051 sitione
709 2007 753 2047 et
778 2001 1130 2048 contradictione
1158 1998 1364 2054 alicujus,
1395 1998 1648 2054 poterimus
1677 2002 1882 2048 minuere
1909 2007 2080 2052 dictum

517 2078 712 2137 pondus,
742 2075 800 2118 ad
828 2074 1052 2116 minorem
1079 2075 1234 2113 tamen
1261 2082 1399 2125 quam
1428 2070 1677 2124 poterimus
1703 2072 1938 2119 lesionem.

579 2148 634 2192 Et
660 2148 857 2194 moneta,
887 2157 996 2187 cusa
1022 2144 1125 2199 post
1151 2141 1319 2183 dictam
1347 2141 1561 2196 ponderis
1588 2141 1954 2197 diminutionem,
2005 2150 2084 2194 ha-

521 2219 703 2263 bebitur
728 2230 810 2273 per
829 2228 987 2258 omnes
1014 2219 1095 2269 pro
1121 2212 1253 2267 legali
1284 2213 1329 2254 et
1356 2212 1512 2266 proha,
1538 2225 1590 2254 ac
1611 2213 1648 2255 si
1673 2217 1926 2260 secundum
1954 2221 2082 2276 prius

520 2290 701 2348 pondus
728 2300 837 2330 cusa
862 2286 1038 2328 fuisset.

583 2361 754 2403 Verum
781 2358 838 2401 ad
866 2357 1037 2399 dictum
1059 2355 1301 2398 consilium
1323 2353 1455 2395 nohis
1483 2354 1686 2397 dandum
1716 2356 1859 2402 dictos
1881 2363 2090 2406 consilia-

523 2435 649 2474 turos
678 2428 821 2471 teneri
849 2427 1079 2475 volumus;
1110 2429 1154 2467 et
1181 2438 1272 2467 non
1300 2424 1550 2479 poterimus
1577 2427 1756 2480 pondus
1783 2429 1988 2476 minuere
2015 2448 2089 2477 su-

527 2501 799 2559 pradictum,
830 2497 1053 2553 quamdiu
1092 2495 1300 2538 consules
1328 2497 1372 2536 ct
1397 2489 1643 2537 consilium
1666 2497 2084 2556 lislontispessulani,

525 2571 661 2641 jurati
687 2570 734 2611 in
751 2581 888 2611 manu
917 2571 1084 2615 nostra,
1110 2567 1261 2608 dicent
1288 2565 1418 2608 nobis
1444 2566 1567 2621 quod
1596 2570 1700 2609 tunc
1721 2569 1846 2624 prius
1873 2571 2090 2620 fabricata

531 2643 713 2686 moneta
739 2639 834 2682 sive
861 2651 970 2681 cusa
1014 2636 1186 2680 suflicit
1212 2636 1270 2678 ad
1316 2648 1449 2677 usum
1479 2638 1593 2678 terre
1620 2637 2021 2696 Montispessulani
2047 2651 2092 2690 ef,

532 2715 700 2757 nostre.

592 2782 649 2825 Ut
674 2783 836 2849 autem·
855 2779 1058 2835 predicta
1095 2777 1298 2834 pleniore
1324 2777 1554 2831 gaudeant
1580 2777 1811 2830 firmitate,
1842 2796 1896 2826 ea
1920 2787 2089 2837 omnia,

535 2856 586 2897 ut
611 2854 717 2896 sunt
766 2850 933 2906 scripta
959 2849 1183 2904 superius,
1215 2861 1295 2890 nos
1346 2850 1499 2890 tenere
1543 2850 1588 2890 et
1624 2853 1778 2893 contra
1805 2866 1893 2896 non
1939 2859 2092 2902 venire
2153 2865 2174 2890 'r
