2205 3299
1166 182 1212 198 Ἴ
1242 156 1330 199 πω

568 251 621 294 Et
647 264 730 306 pro
756 251 1033 294 evictione...
1058 251 1210 305 obligo
1230 264 1303 293 me
1323 255 1370 294 et
1387 252 1543 294 onmia
1570 253 1687 294 bona
1714 264 1816 293 ineu
1835 238 2065 306 presentia

506 325 551 363 et
576 321 742 369 futur&
772 324 817 364 et
842 321 905 364 ita
955 334 1192 364 servare...
1246 320 1348 376 juro
1371 335 1510 378 super
1559 307 1715 365 sancta
1740 320 1820 364 Dei
1869 323 2064 377 quatuor

504 392 741 447 evangelia
765 406 793 435 a
818 405 891 435 me
917 392 1210 448 corporaliter
1234 395 1368 441 tacta,
1399 392 1670 451 renuncians
1690 392 1816 435 omni
1841 391 1984 447 juri...

565 463 678 505 Acta
704 462 889 505 fuerunt
910 464 991 505 hec
1018 477 1138 505 anno
1160 462 1494 522 Incarnationig
1513 463 1694 505 Domini
1716 462 1960 506 millesimo
1981 462 2064 514 du-

504 533 752 577 centesimo
785 534 1091 589 octuagesimo
1130 533 1341 589 septimo,
1395 533 1606 578 videlicet
1631 536 1793 590 quarto
1841 533 2062 576 kalendas

500 605 700 659 augusti,
724 607 942 659 regnante
969 605 1156 647 domino
1182 603 1392 660 Philippo
1411 618 1515 659 rege
1541 605 1830 653 Francorum,
1855 603 2062 667 domino-

500 688 590 730 que
617 675 903 730 Berengario‚
935 675 1014 718 Dei
1041 675 1186 731 gratia
1210 674 1519 730 Magalonensi
1546 676 1759 730 episcopo
1782 675 2056 730 presidente,

499 747 548 788 in
574 746 811 801 presencia
837 750 882 788 et
906 746 1168 789 testimonio
1216 746 1436 789 Johannis
1486 745 1702 793 Rotberti.
1737 748 1782 788 et
1830 745 2061 789 Guillelmi

496 817 730 865 Johannis,
761 819 806 860 et
833 817 923 859 mei
955 817 1143 860 Deodati
1194 817 1411 863 Rotberti,
1467 816 1629 859 notarii
1659 816 1826 871 publici
1883 817 2057 860 domini

496 888 830 944 Magalonensis
856 888 1072 944 episcopi,
1105 888 1199 944 qui,
1238 888 1453 931 mandato
1481 887 1698 942 parcium,
1729 887 1812 931 hec
1837 888 1994 944 scripsi
2015 892 2061 931 et

497 960 678 1016 signum
707 973 861 1002 meum
888 960 1097 1015 apposui,
1232 950 1235 953 ¹

1769 223 1788 230 s

554 1104 661 1146 Post
686 1103 769 1146 hec
794 1115 913 1145 anno
940 1101 1175 1144 Dominice
1202 1100 1528 1144 Incarnationis
1556 1100 1799 1143 millesimo
1844 1101 2061 1145 ducente·

491 1174 609 1217 simo
634 1173 945 1229 octuagesimo
972 1172 1185 1228 septimo,
1215 1171 1429 1219 videlicet
1453 1172 1568 1214 vnr
1606 1171 1709 1214 idus
1734 1172 1931 1228 augusti,
1985 1186 2055 1215 re-

490 1247 659 1299 gnante
687 1231 872 1287 domino
893 1243 1103 1299 Philippo
1129 1255 1233 1305 rege
1258 1243 1549 1289 Francorum.
1589 1242 1865 1299 dominoque
1892 1244 2060 1287 Beren-

491 1315 634 1370 gario,
665 1315 745 1358 Dei
770 1310 917 1370 gratia
942 1313 1254 1369 Magalonensi
1292 1313 1505 1369 episcopo
1533 1313 1808 1369 presidente,
1839 1327 1921 1368 ego
1965 1316 2059 1362 Aue

488 1386 708 1434 dibertus,
745 1385 1012 1429 domicellus
1050 1384 1185 1427 castri
1211 1384 1267 1426 de
1306 1384 1539 1433 Balazuco,
1570 1384 1720 1431 laudo,
1750 1385 1962 1440 approbo
2007 1389 2053 1428 et

493 1457 727 1505 confirmo,
760 1460 804 1500 et
829 1456 1004 1499 ratifico
1031 1455 1128 1504 tibi,
1159 1454 1331 1498 Pascali
1376 1455 1592 1502 Catalani,
1623 1454 1793 1511 petenti
1820 1457 1865 1498 et
1913 1455 2058 1511 stipu-

492 1528 605 1571 lanti
632 1541 713 1584 pro
750 1530 809 1576 te,
840 1531 885 1570 et
933 1526 1162 1569 Bernardo
1188 1528 1233 1569 et
1258 1526 1479 1569 Micolana
1522 1526 1639 1579 (sic),
1670 1528 1714 1568 et
1763 1525 1942 1575 vestris,
1972 1526 2056 1570 hec

478 1599 647 1651 xomnia
666 1601 711 1641 et
736 1598 915 1653 singula
947 1596 1256 1653 suprascripta
1281 1599 1325 1639 et
1351 1599 1518 1639 notata.
1550 1598 1635 1639 Pro
1662 1577 1862 1652 predicto
1906 1597 2053 1640 laudi-

488 1669 580 1712 mio
606 1672 651 1711 et
677 1669 860 1711 nomine
890 1668 1046 1724 ipsius
1072 1666 1295 1715 laudimii,
1325 1667 1464 1710 habui
1492 1670 1537 1709 et
1556 1667 1704 1723 recepi
1731 1666 1893 1722 viginti
1937 1681 2054 1726 qua-

486 1743 592 1783 tuor
617 1739 785 1783 solidos
813 1739 1151 1794 melgorienses‚
1182 1739 1231 1780 in
1248 1738 1415 1794 quibus
1435 1737 1650 1780 renuncio
1672 1738 1933 1793 excepcioni
1961 1752 2051 1782 non

488 1810 642 1854 habite
668 1811 858 1867 pecunie
885 1813 931 1853 et
968 1809 1175 1852 laudimii
1201 1809 1308 1851 inde
1334 1822 1426 1851 non
1452 1809 1636 1864 recepti.

546 1882 702 1924 Testes
729 1882 835 1924 sunt
860 1881 1019 1923 Petrus
1044 1878 1216 1922 Janalsi
1258 1878 1766 1931 clericus„„Guillelmus
1817 1878 2051 1922 Mffchaelis

487 1951 690 1998 clericus,
722 1955 766 1994 et
791 1964 874 2006 ego
900 1951 1129 1994 Deodatus
1162 1949 1379 1998 Rotberti,
1409 1949 1613 1992 notarius
1641 1949 1848 2005 publicus
1870 1949 2046 1992 domini

483 2022 819 2078 Magalonensis
846 2019 1061 2077 episcopi,
1085 2020 1179 2077 qui,
1229 2020 1442 2063 mandato
1469 2020 1576 2063 dicti
1604 2019 1842 2062 Ausliberti
1869 2023 1914 2062 et
1956 2019 2049 2063 alia

484 2097 612 2150 parte
639 2096 838 2148 rogatus.
863 2093 946 2136 hoc
983 2091 1255 2135 laudimium
1292 2091 1451 2146 scripsi
1477 2094 1523 2133 et
1561 2091 1742 2145 signum
1770 2103 1923 2133 meum
1968 2104 2049 2147 ap-

483 2178 630 2220 posm.

1376 2304 1471 2342 (neg.
1496 2303 1529 2337 F.
1552 2303 1611 2334 fol.
1631 2301 1671 2332 98
1688 2307 1748 2348 vj).

1655 2370 1678 2408 s
1732 2404 1735 2406 .
