2107 3404
821 149 1070 194 -407-

158 255 299 299 castri
324 256 519 299 condam
546 256 735 300 illustris
761 256 938 299 domini
971 256 1149 301 comitis
1175 255 1479 299 Ruthenensis
1506 255 1562 299 de
1606 256 1724 300 Bris-

163 325 285 370 siaco
311 329 356 370 et
405 326 510 370 ville
563 327 714 372 Sancti
766 327 960 389 Baudilii
999 326 1056 371 de
1101 326 1310 376 Pedusio,
1340 326 1513 371 ratione
1565 327 1723 371 vendi-

162 397 314 447 tionis,
345 411 426 454 per
452 399 666 442 eumdem
693 398 930 442 dominum
957 398 1171 442 comitem
1197 397 1327 441 vobis
1362 397 1491 447 facte,
1523 398 1578 442 de
1605 398 1724 442 dicto

163 471 308 512 castro
334 469 526 514 condam
554 483 636 512 suo
663 469 718 512 de
752 469 972 513 Brissiaco
994 472 1038 512 et
1067 468 1171 512 ville
1205 468 1356 512 Sancti
1385 469 1578 512 Baudilii
1623 483 1722 526 pre-

163 539 296 589 dicte,
328 543 371 583 et
397 554 554 584 eorum
583 543 946 584 tenementorum
986 544 1031 584 et
1056 540 1358 590 districtuum,
1397 553 1469 583 me
1496 554 1523 584 a
1572 540 1718 589 vobis,

163 610 361 660 domine,
393 612 566 655 ratione
612 611 818 667 ejusdem
870 611 1020 661 castri,
1069 611 1126 654 ad
1154 611 1408 668 accapitum
1457 614 1626 661 tenere,
1680 614 1725 655 et

163 694 291 725 meos
320 686 420 738 post
447 696 520 726 me
554 686 774 739 perpetuo
801 695 1086 726 successores
1115 683 1282 726 debere
1330 685 1374 725 et
1400 682 1519 726 velle
1569 685 1724 726 tenere

161 765 190 795 a
214 753 359 796 vobis.
391 757 435 796 et
461 757 562 809 post
588 767 670 797 vos
696 767 723 796 a
743 753 908 796 vestris
935 753 1270 796 successoribus
1311 754 1534 810 episcopis
1573 753 1724 810 Maga-

160 823 438 871 lonensibus,
465 827 508 867 et
534 824 733 867 dominis
760 824 867 867 dicti
894 824 1043 872 castri;
1099 827 1143 866 et
1169 824 1314 867 eciam
1342 838 1414 867 me
1468 825 1668 868 tenuisse
1695 840 1723 869 a

161 893 279 937 dioto
305 894 490 949 dpmino
516 896 680 938 comite
707 896 859 943 citato,
892 898 936 938 et
963 895 1050 938 sub
1079 898 1230 938 vestro
1258 898 1302 938 et
1339 898 1599 938 vestrorum
1631 896 1720 952 ple-

161 978 220 1008 no
245 965 462 1015 dominio,
516 966 752 1014 laudimio‚
791 979 916 1009 mero
966 968 1103 1023 atque
1143 966 1288 1009 mixto
1317 966 1522 1022 imperio,
1579 967 1725 1010 omni-

161 1036 299 1079 moda
322 1035 633 1092 jurisdictione
655 1040 700 1079 et
725 1037 946 1085 districtu,
979 1040 1023 1093 et
1048 1037 1149 1080 aliis
1175 1037 1294 1081 infra
1327 1038 1571 1094 expressis:

220 1106 441 1150 Videlicet
465 1095 713 1165 quemdam
742 1121 895 1151 meum
923 1108 1238 1151 molendinum
1266 1112 1311 1152 et
1361 1109 1562 1153 molnare
1607 1110 1725 1166 ejus-

159 1179 281 1226 dem,
330 1191 434 1221 cum
484 1179 686 1235 paxcrIa,
717 1182 761 1221 et
810 1164 1052 1228 resclausa‚
1083 1182 1128 1223 et
1177 1179 1352 1229 bedale‚
1383 1183 1427 1223 et
1476 1194 1593 1238 aque
1643 1195 1724 1224 seu

160 1262 385 1306 aquarum
411 1250 691 1299 decursibus,
717 1252 761 1294 et
787 1251 923 1293 domo
951 1263 1031 1293 seu
1057 1251 1284 1299 domibus,
1332 1254 1377 1294 et
1403 1251 1459 1295 de
1486 1250 1720 1308 frigidaae),

159 1323 205 1363 et
229 1333 333 1363 cum
354 1321 568 1364 omnibus
619 1334 776 1364 eorum
827 1321 1118 1377 pertinenciis
1146 1324 1189 1364 et
1231 1321 1423 1377 juribus,
1466 1322 1723 1366 introitibus

157 1394 204 1435 et
229 1392 442 1441 exitibus,
472 1395 516 1434 ct
566 1392 814 1448 explechiis
841 1391 1066 1435 universis
1093 1395 1137 1434 et
1186 1392 1391 1447 singulis,
1423 1396 1632 1436 vocatum
1680 1393 1723 1436 lo

159 1463 274 1506 moli
298 1463 400 1506 d'en
442 1462 609 1506 Frezol
631 1462 687 1506 de
708 1462 754 1505 la
796 1463 930 1511 Boea,
962 1463 1100 1506 situm
1129 1463 1174 1504 in
1202 1463 1369 1519 riperia
1411 1463 1560 1513 Eravi,
1610 1465 1725 1508 infra

158 1538 471 1578 tenementum
518 1535 665 1578 mansi
691 1533 746 1576 de
797 1533 842 1576 la
873 1533 1026 1583 Costa,
1073 1534 1305 1589 parrochie
1351 1527 1505 1578 Sancti
1532 1536 1725 1580 Baudilii

158 1607 215 1650 de
251 1606 460 1654 Pedusio‚
491 1606 609 1649 inter
633 1606 781 1649 locum
833 1608 1042 1649 vocatum
1072 1604 1118 1648 la
1149 1605 1186 1648 T
1184 1605 1276 1649 uda
1304 1610 1349 1650 et
1375 1611 1550 1664 petram
1594 1622 1726 1652 voca-

160 1681 251 1722 tam
278 1676 356 1720 del
373 1677 523 1726 Αἰιαν,
554 1691 581 1720 a
607 1677 723 1720 bolis
749 1677 1060 1719 dividentibus
1087 1680 1292 1720 vestrum
1318 1678 1574 1721 dominium
1600 1679 1724 1736 quod

158 1749 334 1792 habetis
364 1749 533 1791 ratione
562 1748 806 1790 teneinenti
855 1747 1003 1790 mansi
1030 1747 1085 1790 de
1116 1745 1161 1789 la
1214 1747 1366 1797 Costa,
1398 1752 1442 1791 et
1468 1749 1722 1792 dominium

156 1820 289 1863 castri
317 1820 372 1862 de
398 1821 559 1875 Ruppe
587 1820 799 1875 Ayneria;

216 1891 268 1934 Et
287 1891 558 1947 generaliter
577 1890 791 1948 quicquid
820 1890 938 1932 inira
964 1891 1135 1933 dictum
1165 1903 1375 1933 mansum
1404 1894 1534 1935 teneo
1561 1895 1605 1934 et
1622 1905 1724 1948 pos-

157 1963 282 2006 sideo
311 1966 353 2004 et
379 1963 526 2018 quasi,
558 1965 602 2004 et
625 1963 769 2004 habeo
872 1963 1035 2003 {uilwrc
1065 1962 1208 2004 debeo
1241 1963 1282 2003 in
1334 1962 1452 2005 dicto
1480 1976 1639 2006 manso
1666 1963 1721 2005 de

159 2034 206 2076 la
236 2033 388 2081 Costa,
419 2037 465 2078 et
493 2034 625 2076 michi
656 2033 736 2075 fuit
770 2032 961 2075 condam
988 2033 1143 2075 datum
1173 2035 1216 2075 et
1242 2046 1505 2076 concessum
1536 2034 1580 2076 in
1623 2045 1724 2077 aca-

159 2107 302 2161 pitum
332 2119 411 2161 per
437 2106 606 2147 dictum
634 2104 871 2146 dominum
911 2104 1137 2152 comitem,
1170 2104 1215 2146 in
1242 2104 1360 2147 dicto
1407 2118 1564 2148 manso
1591 2105 1646 2147 de
1676 2104 1720 2147 la

159 2177 312 2224 Cosla,
343 2190 369 2219 a
398 2176 510 2219 bolis
540 2175 766 2231 predictis,
797 2175 1108 2217 dividentibus
1146 2174 1348 2218 dominia
1373 2175 1476 2217 dicti
1505 2176 1637 2218 castri
1665 2176 1720 2218 de

157 2250 315 2304 Ruppz¹
345 2250 386 2289 ct
414 2247 667 2292 dominium
691 2248 895 2288 vestrum
944 2247 1085 2288 mansi
1116 2253 1139 2284 «1
1165 2267 1167 2270 ⁴
1203 2248 1248 2287 sa
1279 2245 1431 2293 Costa,
1463 2249 1507 2289 et
1533 2249 1720 2289 stratar'n

158 2319 385 2375 publicam
414 2315 803 2375 de[s]cendentem
855 2329 1014 2359 versus
1043 2316 1259 2359 Sanctum
1312 2316 1584 2365 Baudifium,
1632 2330 1721 2373 que

158 2392 309 2432 movet
337 2389 391 2431 de
419 2375 642 2444 Agantigo
670 2387 786 2430 infra
831 2401 991 2431 versus
1020 2387 1192 2430 flumen
1219 2387 1368 2435 Eravi,
1401 2390 1533 2443 prout
1582 2389 1722 2430 conti-

158 2464 233 2502 net
259 2460 364 2502 dicti
392 2459 555 2515 ucapiti
600 2458 844 2507 concessio,
876 2458 1012 2501 michi
1059 2458 1174 2501 facta
1199 2458 1392 2501 condam
1420 2472 1500 2514 per
1549 2457 1718 2502 dictum

116 2585 129 2593 ,
156 2531 393 2573 dominum
433 2530 663 2578 comitem;
695 2529 741 2571 in
761 2543 853 2586 quo
881 2529 1182 2572 instrumento
1227 2530 1331 2572 inde
1377 2529 1494 2571 facto
1522 2543 1602 2585 per
1627 2542 1721 2571 ma-

158 2615 266 2644 num
295 2601 414 2644 Petri
435 2600 760 2655 Christophori‚
792 2600 961 2656 publici
988 2597 1151 2643 notarii
1177 2600 1282 2642 dicti
1310 2599 1483 2642 domini
1523 2600 1715 2645 comitis,

156 2672 279 2728 quod
302 2672 456 2727 incipit
478 2674 577 2727 post
603 2684 774 2715 annum
801 2675 845 2713 et
880 2671 1001 2714 diem
1029 2671 1203 2714 cunctis
1227 2677 1387 2729 pateat
1434 2669 1719 2728 presentibus

66 2772 75 2787 ε
115 2795 130 2805 ,.
155 2743 332 2800 pariter
357 2750 398 2785 el
422 2743 617 2800 falaris,
648 2747 693 2786 et
731 2743 832 2785 finit
856 2746 959 2785 ante
1012 2743 1094 2784 hoc
1122 2743 1311 2784 verbum
1341 2749 1463 2784 acta:
1514 2742 1606 2782 msi
1633 2740 1721 2782 ali-

62 3251 98 3404 πεῖν-Μ’
63 3183 104 3214 γ’.
64 3136 78 3139 ³
58 3026 79 3039 '-

105 2808 111 2813 ’
156 2829 246 2871 quo
268 2828 355 2855 non
384 2813 602 2856 obstante.

472 2891 500 2921 Q
