2205 3299
1160 191 1183 196 -
1213 165 1307 208 3352·
1329 193 1380 197 ——

481 273 571 314 cast
581 270 632 319 ri,
664 284 801 327 super
826 271 910 314 hoc
934 271 1201 327 juratorum.

538 341 592 383 Et
618 341 681 384 sic
730 341 812 384 has
862 342 1085 397 predictas
1110 343 1295 397 gratias,
1337 343 1569 386 libertates
1614 357 1693 386 seu
1739 342 2034 400 ymunitates,

476 411 610 454 vobis
637 412 851 468 predictis
878 413 1010 455 Petro
1054 413 1254 456 Gauterii
1283 417 1328 455 et
1354 414 1545 457 Martino
1596 413 1914 461 Bertholomei,
1943 412 2039 456 sin-

476 481 600 531 dicis,
634 483 868 538 yconomis
919 497 996 525 seu
1025 483 1330 526 cominaleriis
1381 485 1487 527 dicti
1514 485 1663 531 castri,
1713 482 2034 539 recipientibus

476 555 521 596 et
571 553 895 609 stipulantibus
946 568 1027 609 pro
1053 554 1184 596 vobis
1212 557 1255 596 et
1306 555 1483 604 vestris,
1515 559 1559 598 ct
1598 557 1691 598 tota
1739 545 2033 597 universitate
2086 574 2089 578 ,

475 624 683 666 omnium
704 627 748 666 et
768 624 1048 679 singulorum
1066 624 1302 667 hominum
1330 626 1546 681 sepedicti
1573 625 1708 668 castri
1735 625 1791 667 de
1817 624 2034 667 Balazuco

474 694 639 736 damus
666 696 711 736 et
752 694 1055 743 concedimus,
1086 697 1271 751 propter
1307 696 1537 751 quoddam
1564 699 1743 751 gratum
1783 696 2034 764 etgponta-

473 777 611 807 neum
639 764 891 812 servitium,
922 765 1043 821 quod
1067 765 1197 809 nobis
1219 766 1421 808 fecerunt
1447 767 1656 809 homines
1684 765 1886 822 predicti,
1911 764 2034 820 quod

473 835 711 891 posuimus
738 835 787 876 in
837 835 1030 879 utilitate
1058 837 1200 879 nostri
1252 837 1557 893 episcopatus;
1588 840 1631 878 et
1658 837 1721 879 ita
1770 836 1963 878 dicimus
1990 838 2035 877 rt
2059 871 2062 874 .

472 906 736 949 asserimus.
1016 942 1023 949 .

534 978 587 1020 Et
613 977 695 1020 hec
733 977 888 1020 omnia
913 980 957 1020 et
983 979 1162 1033 singula
1206 976 1407 1034 predicta
1432 981 1544 1027 rata,
1577 978 1710 1021 firma
1752 979 1888 1033 atque
1915 977 2035 1020 inco-

471 1051 597 1092 mota
617 1061 799 1103 semper
825 1048 997 1097 haberi,
1028 1049 1171 1091 teneri
1192 1051 1236 1091 et
1261 1049 1452 1098 servari,
1485 1052 1528 1092 et
1579 1061 1815 1105 nunquam
1849 1047 2033 1104 infringi

473 1134 554 1163 seu
581 1119 757 1167 violari,
788 1118 836 1160 in
880 1119 1077 1161 solidum
1099 1120 1173 1162 vel
1225 1119 1270 1161 in
1297 1122 1488 1175 partem,
1521 1119 1829 1175 promittimus
1862 1122 1904 1161 et
1930 1132 2034 1161 con-

469 1190 682 1233 venimus
709 1190 855 1237 vobis‚
889 1189 1214 1245 stipulantibus
1260 1203 1340 1246 pro
1366 1190 1498 1233 vobis
1527 1193 1571 1232 et
1620 1193 1711 1232 tota
1738 1189 2032 1233 universitate

472 1261 680 1304 omnium
707 1260 947 1303 hominum
974 1263 1018 1302 et
1044 1261 1343 1316 singulorum,
1384 1264 1593 1304 natorum
1633 1264 1677 1304 et
1703 1260 2031 1309 nascendorum

471 1332 660 1389 predicti
688 1332 836 1381 castri,
868 1334 1038 1389 quanto
1067 1329 1204 1375 etiam
1256 1332 1338 1375 hec
1364 1331 1543 1375 firmius
1571 1345 1650 1374 scu
1703 1331 1905 1374 securius
1933 1345 2035 1387 pos-

471 1405 578 1445 sunt
603 1402 792 1458 intelligi
813 1416 894 1445 seu
921 1403 1080 1446 dictari
1105 1403 1164 1445 ab
1190 1403 1343 1460 aliquo
1370 1403 1588 1458 sapiente;

531 1474 866 1518 Renunciantes
893 1474 1095 1516 consulte
1140 1473 1265 1516 omni
1292 1474 1547 1529 exceptioni
1574 1474 1630 1515 de
1657 1473 1760 1515 dolo
1786 1476 1832 1516 et
1855 1472 1901 1514 in
1943 1472 2033 1516 fac-
2077 1473 2080 1476 ’

470 1549 591 1594 tum,
616 1548 660 1588 et
681 1544 976 1587 restitutionis
999 1544 1042 1586 in
1070 1544 1297 1600 integrum
1325 1544 1562 1592 beneficio,
1595 1547 1638 1586 et
1663 1543 1788 1587 omni
1813 1543 1900 1599 juri
1928 1557 2033 1586 con-

469 1616 563 1659 dito
590 1618 635 1659 et
659 1616 911 1662 condendo,
936 1629 988 1658 ac
1013 1615 1426 1663 consuetudinario,
1456 1629 1548 1671 quo
1593 1628 1676 1657 nos
1703 1614 1777 1657 vel
1804 1627 2033 1657 successo—

469 1701 542 1729 res
570 1687 710 1730 nostri
761 1689 917 1729 contra
945 1685 1144 1741 predicta
1182 1686 1339 1728 venire
1378 1699 1631 1741 possemus,
1681 1699 1762 1727 seu
1788 1684 2031 1740 intringere-

433 1788 436 1791 ·
470 1757 932 1814 aliquaseorumdem.

530 1829 701 1871 Horum
728 1827 932 1870 omnium
980 1830 1118 1870 testes
1168 1827 1353 1870 fuerunt
1378 1827 1591 1870 dominus
1643 1827 1925 1870 Raimundus
1975 1827 2033 1870 de

470 1899 828 1947 Monteferrario,
858 1898 1101 1941 canonicus
1144 1896 1491 1953 Magalonensis'
1510 1901 1554 1941 et
1598 1898 1721 1954 prior
1747 1898 1931 1940 ecclesie
1975 1897 2050 1939 (le'

470 1971 676 2019 Piniano,
707 1970 919 2012 dominus
947 1969 1247 2025 RandulphuS
1274 1969 1397 2024 prior
1416 1969 1601 2012 ecclesie
1618 2003 1629 2013 ,
1653 1970 1786 2012 Beato
1814 1969 1953 2011 Marie
1975 1969 2032 2011 dc

471 2041 631 2097 Aquis,
662 2041 873 2084 dominus
900 2039 1173 2083 Guillelmus
1198 2040 1417 2082 Johannis
1444 2043 1590 2083 rector
1616 2040 1802 2083 ecclesie
1823 2039 1878 2082 de
1905 2039 2032 2082 Mon·
2087 2098 2090 2103 ¹

474 2114 704 2160 tebazeno,
754 2111 968 2154 dominus
1019 2112 1277 2154 Rostannus
1328 2111 1383 2153 de
1423 2111 1653 2154 Maronilis
1704 2109 2031 2166 (zMarojolis)

470 2183 593 2239 prior
613 2182 800 2225 ecclesie
814 2182 877 2243 ¹de
898 2181 1142 2237 Mujolano,
1168 2182 1327 2224 Petrus
1350 2182 1541 2224 Romcta
1561 2182 1770 2224 sacerdos
1785 2184 1826 2223 et
1850 2181 2032 2237 bajulus

474 2254 582 2296 dicti
607 2253 757 2301 cusiri,
790 2242 834 2295 et
859 2244 941 2307 ego
967 2252 1239 2309 Guillelmus
1267 2253 1500 2295 Paschalis
1524 2252 1712 2295 clericus
1762 2255 1806 2294 et
1826 2252 2030 2295 notarius

467 2325 678 2380 publicus
706 2323 895 2380 predicti
917 2323 1091 2366 domini
1119 2323 1454 2377 Magalonensis
1491 2323 1706 2379 episcopi,
1736 2322 1814 2375 qui
1836 2322 1937 2375 (sic)

960 2464 1056 2503 (Reg.
1081 2465 1119 2500 A,
1142 2463 1203 2495 tol.
1224 2464 1282 2494 105
1302 2468 1349 2500 v⁰3
1371 2463 1464 2494 edite
1485 2472 1550 2503 par
1569 2463 1734 2494 Germain

799 2517 888 2548 dans
908 2516 1096 2558 Privileyes
1116 2522 1146 2548 et
1165 2516 1357 2557 sranchises
1377 2516 1418 2547 de
1438 2515 1587 2548 Balaruc
1606 2517 1692 2556 piec.
1722 2517 1806 2556 just.
1828 2516 1897 2555 ΙΙΙ).
