2205 3299
1202 192 1245 195 ψ
1275 165 1361 208 356
1389 193 1440 197 -.-

600 271 706 314 Post
731 270 828 320 hec,
859 284 978 315 auno
1007 275 1050 314 et
1078 272 1151 315 die
1178 255 1346 334 quihus
1373 275 1581 331 proxime
1609 289 1760 332 supra,
1790 289 1874 331 ego
1899 275 2096 319 Jacobus

544 340 599 383 de
628 340 791 385 Sancto
833 342 1038 386 Johanne
1066 342 1346 393 domicellus,
1377 345 1507 390 heres
1552 346 1701 403 quoad
1728 345 1812 390 heo
1837 345 2100 403 supradicta

541 410 1326 470 GuillelmiPrinser‚sup1·adictam
1357 416 1721 465 transactionem,
1751 417 1900 474 quoad
1929 430 1984 460 ea
2007 429 2096 472 que

537 495 564 524 a
591 495 664 524 me
691 482 916 532 tenentur,
947 484 1118 527 ratione
1145 485 1261 528 dicte
1307 480 1568 530 hereditatis
1607 487 1837 531 Guillelmi
1888 487 2091 535 Prinser,
2201 535 2205 538 ,

536 552 687 602 laudo,
717 554 937 597 confirmo
966 555 1060 602 tibi,
1116 556 1234 598 dicto
1262 557 1517 600 Raimundo
1562 558 1617 600 dc
1646 559 1777 606 Area,
1808 560 1852 600 et
1904 557 2008 609 tuis,
2051 559 2095 617 et
2190 547 2205 628 j*

536 624 729 668 hahui'a
754 628 797 667 te
824 639 905 680 pro
956 625 1175 669 laudimio
1201 627 1472 670 laudimium
1500 628 1638 671 michi
1665 629 1771 671 inde
1811 630 2089 684 competens:
2190 634 2205 641 ’“

533 695 806 738 renuncians
833 696 938 738 inde
966 697 1227 752 exccpcioni
1250 711 1338 740 non
1365 698 1517 741 habile
1545 702 1590 740 et
1635 713 1724 740 non
1753 701 1989 741 numerate
2017 711 2094 755 pe-

533 766 680 815 cunie,
712 770 757 809 et
782 767 990 810 laudimii
1017 781 1108 811 non
1136 769 1284 811 soluti.

593 837 737 893 Hujus
758 838 965 882 laudimii
990 841 1124 882 testes
1151 842 1257 882 sunt
1277 841 1436 882 Petrus
1466 840 1684 888 Scuderii,
1714 840 1943 883 Johannes
1968 841 2094 883 Mon-

530 909 660 958 nerii,
691 913 735 953 et
761 924 843 966 ego
871 910 1130 966 Stephanus
1172 910 1407 958 Monnerii‚
1440 910 1647 965 publicus
1693 910 2090 966 Montispessulani

528 981 745 1030 notarius,
776 981 854 1037 qui
906 984 1086 1037 rogatus
1114 981 1194 1023 hec
1245 980 1417 1036 scripsi
1449 983 1494 1024 et
1520 981 1807 1024 interlineavi
1835 995 1972 1037 supra
2011 981 2088 1024 ubi

530 1052 695 1096 dicitur
721 1052 896 1098 itinere
928 1054 972 1093 et
1000 1065 1100 1093 meo
1128 1051 1256 1106 signo
1282 1051 1476 1106 signavi
1501 1065 1604 1093 cum
1632 1065 1733 1094 raso
1760 1054 1805 1094 et
1849 1052 2096 1095 emendato

532 1136 670 1178 supla
696 1122 773 1164 ubi
801 1122 965 1164 dicitur
985 1121 1248 1163 Raimtmdo
1276 1121 1331 1163 de
1355 1121 1488 1164 Area.
2102 1133 2104 1136 ’

1296 1272 1340 1288 ‹-
1394 1263 1493 1301 raeg.
1516 1263 1551 1298 E,
1575 1263 1632 1293 foi.
1664 1262 1720 1293 ¹ss)
1740 1268 1794 1297 π’).

812 1507 1054 1576 DCGXCm.
1091 1558 1140 1561 —
1167 1531 1344 1586 janvier
1372 1530 1480 1572 1286
1507 1542 1571 1583 (n.
1603 1546 1637 1572 s.
1670 1530 1804 1586 1287)

571 1676 803 1721 Philippe
840 1675 886 1711 le
906 1674 1001 1710 Bel
1039 1671 1323 1709 reneuvelle
1342 1671 1416 1708 les
1437 1670 1709 1717 privileg-es.
1738 1672 1974 1709 uecordes
1992 1683 2090 1719 pax·
2151 1662 2163 1717 ‘J
2177 1656 2185 1707 ζ’

522 1737 754 1781 Philippe
774 1734 999 1780 Auguste
1020 1732 1050 1768 ὲ.
1068 1721 1266 1778 l’ssglise
1287 1731 1348 1766 de
1371 1729 1684 1776 Maguelone.
2143 1719 2164 1727 ’Χ

583 1868 834 1922 Philippus.
866 1866 946 1908 Dei
972 1864 1117 1919 gratia
1136 1864 1409 1905 Francorum
1439 1876 1532 1904 rex.
2090 1873 2107 1890 f

579 1940 746 1981 Notum
775 1937 964 1980 iacimus
992 1934 1272 1977 universis...
1298 1933 1420 1988 quod
1447 1946 1530 1975 nos
1558 1933 1730 1975 litteras
1762 1933 1880 1975 clare
1910 1946 2083 1975 meinw-

518 2011 585 2067 rie
611 2009 823 2064 Philippi,
855 2006 1077 2050 carissimi
1126 2004 1423 2060 progenitoris
1473 1993 1846 2051 nostri‚‘Francie
1871 2004 1989 2059 regis
2015 2004 2082 2046 vi·
2139 1992 2176 2064 ,s

521 2081 673 2124 dimus
700 2081 746 2121 in
773 2080 854 2121 hec
882 2078 1037 2119 verba:

574 2223 828 2278 Philippus
860 2221 939 2263 Dei
966 2220 1110 2275 gratia
1152 2219 1419 2261 Francorum
1450 2232 1542 2259 lex

574 2296 739 2337 Notum
761 2292 953 2335 facimus
979 2290 1221 2336 universis
1251 2292 1345 2331 tam
1388 2288 1674 2344 presentibus
1701 2272 1839 2343 quam
1890 2287 2070 2336 futuiis,

514 2366 636 2421 quod
663 2378 745 2407 nos
771 2363 943 2405 litteras
973 2361 1113 2403 felicis
1139 2359 1461 2402 recordationis
1489 2358 1701 2433 Philippi,
1736 2358 1891 2413 proavi
1912 2358 2067 2406 nostr

515 2435 633 2489 regis
647 2435 948 2477 Francorum.
979 2431 1248 2473 v⁷idim11s'1n
1270 2430 1352 2472 hec
1377 2430 1532 2471 verba:

573 2577 620 2618 In
641 2576 826 2618 nomine
855 2575 1017 2616 Sancte
1045 2577 1090 2615 et
1110 2573 1349 2619 Individue
1376 2571 1620 2613 Trinitatis.
1648 2573 1807 2612 Amen.
2155 2598 2162 2635 3

572 2646 823 2701 Philippus,
854 2645 933 2686 Dei
976 2643 1121 2698 gratia
1156 2642 1374 2685 etalf'oz'r
1423 2656 1469 2683 ce
1511 2640 1716 2698 diplo‘me
1740 2639 1795 2682 de
1843 2639 2068 2698 Plze'lt'ple

518 2717 727 2773 Auquste
751 2715 868 2756 dans
894 2715 936 2756 T.
965 2714 1023 2761 ΙΙ,
1050 2728 1096 2771 p.
1122 2713 1197 2760 46,
1222 2712 1417 2768 J‘usqzdc'z
1441 2711 1486 2753 la
1525 2712 1615 2767 fin.
2123 2726 2127 2738 ··

1678 2830 1687 2848 l

570 2858 661 2901 Hec
688 2861 842 2900 autem
865 2856 1122 2913 supradicio
1152 2855 1351 2896 vidimus
1379 2857 1422 2896 ct
1448 2856 1682 2897 testamur.
