2040 3404
753 154 1000 197 —505-

159 259 214 302 Et
240 259 426 315 predicti
455 259 669 314 magister
695 260 741 301 P.
774 261 829 302 de
860 260 1081 302 Viridario
1107 259 1378 302 castellanus
1405 264 1449 302 et
1487 259 1644 315 magis-

95 332 167 372 ter
192 330 238 372 P.
269 329 326 372 de
353 330 508 373 Mauso
553 329 752 372 notarius
801 330 1097 386 appellantes,
1137 329 1341 372 nolentes
1391 331 1597 373 recedere
1624 343 1647 373 a

99 413 182 443 sua
207 400 530 456 appellaeione,
562 400 641 442 sed.
668 400 712 442 in
735 414 788 443 ea
808 402 1114 456 persistentes,
1145 401 1357 443 dixerunt
1384 414 1429 443 se
1453 401 1544 443 fore
1573 414 1646 457 pa-

98 474 219 514 ratos
247 470 389 514 facere
418 471 556 513 fidem
603 471 784 526 plenam
814 472 869 513 de
897 471 986 514 hiis
1029 485 1117 528 que
1146 485 1282 527 supra
1308 472 1518 514 dixerunt
1571 485 1650 514 seu

97 544 442 598 proposuerunt,
474 544 676 597 petentes
703 542 787 584 sibi
826 530 1044 597 assignari
1071 546 1240 584 certam
1267 542 1388 584 diem
1430 556 1509 598 per
1551 555 1652 598 pre-

96 611 237 654 dictos
265 612 472 655 dominos
498 612 554 655 ad
592 612 846 654 faciendum
874 612 1010 655 fidem
1041 613 1361 668 supradictam.

155 756 207 799 Et
234 755 421 812 predicti
448 755 620 798 domini
645 755 785 811 judex
812 759 856 798 et
882 755 1060 811 bajulus
1100 757 1446 812 assignaverunt
1472 758 1643 800 eisdem

95 827 232 874 diem,
264 827 432 870 scilicet
458 827 580 868 diem
606 826 723 882 jovis
746 827 1002 882 proximam
1029 831 1128 882 post
1154 828 1327 870 instans
1344 827 1508 870 festum
1537 828 1648 871 Con-

95 898 317 941 versionis
345 898 486 941 sancti
513 897 655 941 Pauli.

154 970 265 1012 Aeta
291 969 472 1012 fuerunt
497 969 580 1012 hcc
605 969 727 1024 apud
753 967 891 1012 Salve
915 968 1043 1025 juxta
1070 968 1233 1015 forum,
1265 970 1424 1012 subtus
1459 970 1645 1012 domum

97 1040 328 1083 Bertrandi
358 1041 505 1087 Fabri,
537 1040 583 1082 in
606 1040 837 1095 presencia
863 1043 907 1082 et
929 1040 1187 1083 testimonio
1208 1040 1410 1096 magistri
1429 1040 1646 1083 Johannis

94 1111 273 1159 Carioti,
305 1112 547 1155 Raimundi
575 1111 801 1154 Guillelmi
826 1111 975 1154 vicarii
1007 1111 1162 1154 Salvii:
1196 1111 1312 1153 Petri
1333 1111 1388 1154 de
1410 1111 1645 1155 Mirabello

93 1182 332 1229 domicelli,
366 1183 566 1238 magistri
594 1182 823 1226 Guillelmi
850 1183 904 1224 de
942 1182 1264 1238 Rovoyranicis
1293 1182 1470 1231 notarii,
1523 1183 1646 1226 Guil-

95 1253 218 1296 lelmi
246 1253 488 1296 Raimundi
534 1254 778 1300 domicelli,
810 1254 926 1295 Petri
956 1254 1011 1295 de
1057 1253 1385 1300 Gradillanicis.
1427 1254 1538 1297 Bndi
1590 1255 1645 1296 de

94 1324 356 1368 Corinareto
383 1328 427 1366 et
454 1325 650 1380 plurium
678 1324 886 1367 alioruin.
918 1328 962 1366 et
1002 1324 1091 1366 inei
1119 1324 1286 1366 Mathei
1314 1325 1514 1369 Loberie.
1569 1339 1647 1367 no-

93 1396 194 1439 tarii
225 1395 393 1451 publici
420 1395 592 1438 domini
621 1396 759 1438 nostri
781 1395 1053 1438 Francorum
1081 1395 1197 1450 regis
1224 1395 1427 1442 illustris,
1458 1399 1502 1438 et
1522 1399 1646 1438 nota-

93 1467 144 1510 rii.
172 1466 293 1508 curie
323 1467 478 1515 Salvii,
509 1467 587 1523 qui
610 1466 811 1522 predicta
836 1466 989 1509 onmia
1015 1466 1072 1508 ad
1101 1465 1445 1521 requisicionem
1474 1467 1646 1522 predic-

90 1542 241 1582 torum
269 1538 589 1593 magistrorum
626 1537 745 1579 Petri
795 1537 850 1578 de
878 1536 1100 1579 Viridario
1127 1540 1171 1579 et
1220 1537 1338 1580 Petri
1365 1537 1419 1578 de
1470 1537 1641 1581 ManSO.

89 1609 323 1652 castellani
350 1611 394 1651 et
422 1607 597 1656 notarii,
623 1611 668 1650 et
694 1607 750 1649 dc
776 1621 999 1650 concensu
1030 1607 1334 1662 predictorum
1355 1608 1643 1651 dominorum

88 1679 250 1736 judicis
277 1682 320 1722 et
371 1678 510 1734 bajuli
531 1678 704 1737 scripsi,
735 1681 780 1720 et
829 1678 885 1719 ad
912 1678 1125 1733 majorem
1167 1678 1431 1720 firmitatem
1477 1678 1645 1721 haben-

91 1752 197 1793 dam
226 1751 272 1792 in
299 1750 491 1793 formam
528 1751 757 1805 publicam
785 1750 985 1804 redigere
1014 1749 1251 1804 procuravi
1295 1752 1339 1791 et
1366 1762 1466 1792 meo
1518 1750 1644 1804 signo

90 1821 280 1877 signavi.

956 1951 1052 1989 [Reg.
1078 1951 1112 1987 E,
1131 1951 1189 1981 iol.
1212 1952 1274 1981 2625
1293 1954 1350 1987 ν’).

135 2055 243 2090 Avec
265 2059 328 2090 cet
355 2058 457 2096 acte,
481 2063 584 2088 nous
606 2057 771 2088 entrons
792 2051 893 2087 dans
915 2062 992 2087 une
1015 2051 1198 2087 nouvelle
1233 2050 1358 2098 phase
1378 2051 1426 2087 de
1447 2050 1642 2088 l'histoire

90 2113 333 2150 diocesaine.
359 2113 513 2160 Depuis
535 2113 718 2148 soixante
740 2123 828 2152 ans,
852 2112 911 2146 les
933 2111 1016 2146 rois
1038 2111 1086 2146 de
1108 2110 1261 2146 France
1300 2116 1507 2158 attaquent
1528 2122 1642 2147 sour-

90 2172 252 2209 dement
271 2173 306 2208 lc
330 2173 496 2220 pouvoir
526 2171 719 2219 tomporel
741 2170 787 2206 (le
811 2181 885 2206 nos
901 2171 1088 2217 eveques.
1106 2169 1340 2206 Maintenus
1362 2181 1434 2217 par
1449 2170 1643 2217 Gregoire

89 2232 145 2268 IX
166 2238 204 2268 et
237 2231 419 2268 Clemcnt
441 2231 493 2266 IV
528 2231 736 2268 (Bullaire
759 2230 804 2265 de
828 2229 1074 2277 Mayzcelone
1095 2228 1139 2264 T.
1165 2229 1216 2272 II,
1241 2241 1277 2276 p.
1305 2228 1376 2264 148
1408 2234 1447 2264 et
1462 2228 1559 2275 382),
1582 2228 1643 2265 les

88 2291 268 2327 officiers
290 2301 440 2338 royaux
457 2289 899 2326 montentmaintenant
919 2292 938 2323 a
954 2288 1123 2324 l’assaut
1143 2287 1193 2323 du
1216 2292 1346 2324 comte
1363 2287 1410 2323 de
1432 2287 1637 2334 Melgueil.

92 2349 145 2386 Ils
167 2361 215 2387 ne
237 2361 281 2391 se
302 2351 623 2396 decourageront
644 2360 727 2396 pas,
748 2348 899 2394 malgre
920 2347 980 2383 les
1021 2347 1175 2383 blames
1196 2358 1275 2394 que
1296 2348 1357 2383 les
1379 2348 1476 2390 rois,
1510 2349 1642 2384 meme

91 2409 273 2457 Philippe
294 2410 330 2445 le
352 2409 436 2452 Bel,
453 2409 540 2444 leur
560 2408 806 2454 infligeront,
840 2407 942 2442 mais
965 2406 986 2441 il
1010 2412 1396 2442 recommenceront.
1421 2406 1531 2443 C’est
1561 2418 1638 2443 une

88 2468 208 2505 etude
224 2479 303 2516 que
325 2479 428 2504 nous
451 2468 666 2503 traiterons
688 2466 865 2501 ailleurs.

136 2527 165 2563 Il
183 2538 282 2563 nous.
300 2526 416 2563 suffit
437 2528 583 2574 pourle
607 2529 788 2561 moment
808 2524 856 2560 de
877 2524 1087 2570 souligner
1108 2524 1212 2560 deux
1236 2525 1344 2560 faits:

134 2591 180 2631 a)
218 2586 291 2622 Cet
316 2590 485 2622 attentat
524 2589 543 2620 a
567 2585 601 2620 la
632 2585 865 2632 juridiction
888 2583 1119 2631 episcopale
1154 2589 1217 2619 est
1246 2584 1420 2619 commis
1442 2584 1640 2631 quelques

84 2644 201 2691 jours
222 2651 340 2680 avant
361 2645 394 2680 la
418 2644 579 2680 cession
603 2644 650 2679 de
671 2643 965 2690 Montpelliera
988 2642 1022 2678 la
1047 2642 1213 2685 France;

135 2703 176 2745 b)
204 2703 256 2739 Le
272 2704 425 2739 lectenr
444 2715 465 2738 a
488 2703 576 2749 deja
599 2707 811 2749 remarque
835 2702 1040 2749 plusieurs
1080 2702 1158 2737 fois
1180 2701 1214 2737 la
1245 2707 1441 2748 presence
1463 2702 1511 2736 ‹le
1533 2702 1641 2736 (inil-

87 2761 218 2799 laume
239 2763 287 2798 de
302 2763 481 2809 Nogaret
501 2762 602 2797 dans
623 2763 684 2797 les
705 2767 817 2796 actes
838 2761 888 2796 du
913 2761 1163 2797 c'arculaire.
1207 2760 1261 2796 Ce
1284 2761 1449 2795 sinisti-e
1474 2772 1639 2807 pei-son-

89 2831 203 2867 nege,
227 2821 495 2869 professeura
513 2825 625 2857 notre
658 2820 890 2856 Universite
911 2820 959 2855 ‹le
982 2820 1107 2855 Droit.
1134 2820 1232 2855 a-t-il
1254 2820 1384 2854 donne
1408 2820 1442 2854 le
1485 2820 1641 2854 lii-anie?

255 2893 347 2924 Cart.
368 2893 410 2923 de
431 2893 518 2932 Mag.
541 2893 577 2923 T.
601 2891 647 2924 111
1371 2891 1408 2920 Μ
