2205 3299
1179 273 1223 276 fi
1254 245 1342 290 388
1373 272 1421 278 s„-
1871 256 1894 277 ο

519 348 547 397 a
572 354 701 397 vohis
730 353 858 397 nobis
887 366 975 396 non
996 353 1131 396 soluti
1156 353 1203 395 in
1230 353 1424 413 pecunia
1448 365 1538 396 non
1584 354 1835 396 numerata.

576 425 630 467 Et
651 424 688 467 si
715 424 819 480 plus
840 424 993 466 valent
1020 436 1151 469 nunc,
1182 426 1261 465 aut
1306 423 1526 466 valebunt
1551 423 1598 464 in
1626 422 1839 472 futurum,
1857 421 1976 479 dicte
2000 433 2077 467 res

520 495 704 538 vendite
731 497 824 537 toto
851 494 1001 550 precio
1029 494 1303 549 supradicto.
1336 493 1447 535 illud
1484 496 1629 536 totum
1655 488 2077 549 quantumcumque

520 566 579 609 sit
605 566 677 608 vel
704 565 852 613 fuerit,
884 564 1014 607 vobis
1041 567 1086 606 et
1112 564 1276 607 vestris
1312 563 1648 607 suecessoribus
1675 563 1731 605 de
1776 563 1895 606 bono
1920 561 2075 621 animo

519 638 758 686 donamus,
789 637 993 679 cedimus
1021 639 1066 678 et
1112 635 1386 678 mandamus
1413 635 1658 678 donatione
1710 633 1922 690 simplici‘
1955 632 2075 675 inter

514 708 662 752 vivos.

576 779 629 821 Et
654 749 963 834 promittimus
991 781 1035 820 et
1059 777 1356 820 convenimus
1385 776 1514 820 vobis
1541 775 1793 832 stipulanti,
1831 775 1954 831 quod
1979 787 2075 817 om-

515 863 596 891 nes
624 852 668 891 et
694 849 896 904 singulas
929 861 1000 890 res
1047 861 1074 891 a
1099 847 1230 890 nobis
1257 847 1388 890 vobis
1415 861 1552 902 supra
1578 847 1804 895 venditas.
1835 859 1892 888 cx
1937 846 2075 901 ca'usa

513 919 649 975 hujus
670 919 946 962 venditionis
970 918 1188 961 faciemus
1211 932 1292 961 vos
1313 921 1358 960 et
1378 920 1553 962 vestros
1574 903 1870 965 successores,
1895 919 1939 959 et
1957 929 2074 973 quos

513 990 765 1036 volueritis,
798 1003 979 1046 semper
1005 990 1186 1035 habere,
1218 993 1386 1037 tenere,
1418 988 1650 1044 percipere
1686 990 1731 1030 et
1756 987 1943 1043 pacifice
1970 1000 2074 1043 pos-

513 1062 675 1110 sidere;
707 1064 752 1104 et
783 1061 906 1116 ipsas
933 1060 1063 1103 vobis
1090 1063 1134 1102 et
1160 1059 1323 1102 vestris
1350 1059 1685 1102 successoribus
1710 1059 1769 1101 ab
1818 1058 1941 1101 omni
1969 1071 2074 1101 con-

505 1132 755 1175 tradicente
783 1132 855 1173 vel
884 1131 1162 1186 impediente
1195 1142 1389 1186 persona
1413 1129 1660 1185 injudicio,
1687 1128 1854 1172 nostris
1877 1128 2070 1185 propriis

514 1202 787 1257 sumptibus,
817 1201 1281 1257 jureimperpetuum
1307 1200 1643 1249 deffendemus;
1673 1201 1795 1256 quod
1824 1201 1910 1244 nisi
1955 1200 2073 1243 face-

509 1286 678 1320 remus,
700 1286 843 1319 *omne
884 1273 1152 1327 dampnum,
1184 1284 1448 1327 gravamen,
1502 1271 1722 1314 interesse
1749 1274 1795 1314 et
1843 1285 2070 1328 expensas

508 1357 684 1391 omnes,
715 1357 829 1399 quas
856 1356 937 1385 vos
964 1343 1038 1385 vel
1065 1342 1207 1385 vestri
1258 1355 1540 1385 successores
1567 1340 1822 1400 ded[er]itis
1848 1343 1923 1390 vel
1947 1343 2070 1398 passi

510 1414 701 1463 fueritis,
733 1417 777 1456 et
803 1427 917 1470 quas
944 1413 1156 1460 feceritis,
1187 1412 1235 1454 in
1259 1412 1426 1468 judicio
1453 1413 1526 1455 vel
1554 1415 1697 1461 extra,
1750 1413 2072 1469 qualitercum-

511 1499 599 1542 que
628 1485 674 1527 in
701 1485 1006 1527 deffendendo
1033 1497 1119 1531 res,
1144 1497 1166 1526 a
1191 1483 1480 1536 nobis-vobis
1509 1497 1646 1539 supra
1665 1483 1889 1533 venditas,
1938 1484 2093 1534 vobis!

507 1549 552 1599 et
578 1556 741 1599 vestris
763 1555 1101 1599 successorihus
1122 1555 1326 1602 reddere,
1351 1555 1542 1601 solvere
1572 1558 1825 1604 restituere.
1851 1557 1896 1598 et
1915 1568 2070 1598 emen⁶

507 1628 614 1670 dare
641 1626 688 1669 in
715 1627 912 1670 solidum
939 1625 1307 1682 expromittimus
1334 1625 1432 1668 sine
1458 1626 1550 1667 lite

566 1698 619 1740 Et
646 1699 702 1740 de
729 1698 943 1740 omnibus
971 1700 1015 1739 et
1036 1697 1227 1751 singulis
1255 1697 1405 1745 rebus,
1436 1710 1464 1738 a
1490 1696 1621 1739 nobis
1649 1697 1779 1743 vobis
1806 1699 1863 1739 et
1903 1696 2068 1744 vestris

509 1768 845 1811 successoribus
873 1781 1035 1824 supra
1036 1767 1248 1809 venditis.
1280 1767 1337 1808 de
1362 1766 1488 1809 omni
1521 1766 1619 1822 jure
1647 1770 1692 1809 et
1716 1767 1896 1810 accione
1945 1767 2067 1823 quod

505 1843 549 1881 et
574 1852 715 1895 quam
742 1839 788 1880 in
816 1838 880 1881 eis
908 1839 1146 1885 habemus,
1177 1838 1346 1880 habere
1374 1851 1635 1893 possumus,
1670 1840 1715 1880 et
1740 1837 1963 1880 debemus
1988 1838 2069 1881 ha·
2121 1862 2128 1866 «

505 1911 625 1958 bere,
660 1910 831 1953 ratione
860 1913 904 1952 et
929 1909 1164 1952 occasione
1192 1908 1496 1964 proprietatis,
1528 1908 1848 1964 possessionis,
1891 1922 2068 1952 succes-
2125 1960 2133 1964 ..

507 1981 646 2023 sionis
673 1980 982 2036 quarumlibet
1007 1993 1318 2035 personarum,
1349 1981 1395 2021 et
1419 1979 1510 2021 alia
1559 1992 1846 2036 quacumque
1892 1980 2066 2023 ratione

505 2055 549 2094 et
575 2065 725 2100 causa,
751 2065 831 2094 nos
858 2054 899 2093 el
927 2064 1086 2093 ornnes
1115 2053 1306 2098 nostros,
1342 2063 1399 2092 ex
1431 2063 1568 2093 causa
1597 2049 1733 2106 hujus
1760 2050 1912 2094 valide
1956 2064 2068 2094 ven-

505 2123 705 2170 ditionis,
756 2122 1067 2169 disvestimus,
1099 2123 1144 2163 et
1189 2134 1270 2164 vos
1297 2124 1339 2163 cl
1372 2134 1532 2164 omnes
1559 2124 1735 2163 vestros
1781 2134 2084 2164 successeus·

505 2194 794 2242 investimus;
815 2196 956 2241 etvos
973 2192 1184 2234 dominos
1200 2205 1250 2234 ac
1266 2194 1410 2234 certos
1426 2192 1471 2233 in
1493 2205 1588 2234 rem
1611 2195 1814 2234 vestram
1832 2192 2061 2248 propriam

505 2268 816 2320 procuratores
844 2277 925 2306 vos
952 2263 1144 2311 facimus
1171 2265 1215 2304 et
1254 2263 1539 2309 mandamus,
1569 2265 1701 2318 prout
1728 2262 1891 2305 melius
1918 2265 1962 2305 et
1989 2260 2064 2305 fir:

506 2337 624 2378 mins
653 2335 739 2377 dici
767 2337 811 2377 et
863 2329 1054 2389 intelligi
1082 2336 1231 2389 potest
1256 2336 1301 2376 et
1345 2333 1521 2388 poterit.
1553 2333 1611 2376 ad
1639 2337 1839 2376 vestram
1891 2336 1936 2375 et
1962 2347 2064 2376 suc-

501 2419 731 2449 cessorum
760 2408 1016 2448 vestrorum
1045 2404 1294 2460 proiectum
1323 2407 1367 2446 et
1396 2404 1657 2446 utilitatem.

563 2479 772 2519 Preterca
791 2489 949 2519 omnes
970 2475 1156 2517 omnino
1185 2475 1406 2522 acciones,
1433 2466 1694 2530 peticiones,
1727 2475 2061 2530 persecutiones

503 2548 663 2593 reales,
696 2547 971 2602 personales,
991 2545 1174 2592 mixtas,
1207 2544 1472 2592 ordinarias,
1504 2545 1901 2592 extraordinarias,
1926 2545 2063 2609 utiles

503 2621 546 2660 et
566 2618 773 2663 directas,
797 2617 953 2659 civiles
982 2619 1025 2659 et
1053 2617 1286 2672 materias,
1329 2619 1374 2658 et
1399 2629 1559 2658 omnes
1584 2615 1697 2658 alias
1718 2615 1946 2671 quaslibet
1971 2629 2063 2672 que

507 2688 636 2731 nobis
664 2690 707 2730 et
734 2687 900 2730 nostris
939 2690 1216 2742 competunt,
1247 2690 1503 2742 competere
1533 2689 1722 2741 possunt
1753 2689 1797 2741 et
1817 2686 1986 2728 delient
2013 2687 2057 2728 in

503 2747 613 2808 rem,
645 2762 688 2801 et
714 2759 760 2800 in
788 2771 1028 2813 personam
1056 2761 1101 2799 et
1128 2757 1338 2799 mixtum.
1376 2757 1609 2799 occasione
1633 2756 1826 2812 alicujus
1853 2761 2053 2799 conl-rac-

501 2836 590 2879 tus,
621 2842 823 2885 unquam
852 2828 955 2870 laeli
983 2841 1062 2869 seu
1104 2827 1216 2875 initi,
1248 2828 1454 2869 oninium
1481 2830 1525 2870 et
1569 2828 1850 2882 singularum
1901 2842 2059 2884 supra-

504 2903 724 2945 dictarum
755 2912 920 2946 rerum,
945 2912 972 2940 a
1000 2898 1128 2941 nohis
1154 2898 1280 2940 vobis
1302 2901 1345 2939 el
1374 2898 1535 2940 vestris
1557 2899 1892 2941 successoribus
1920 2913 2056 2955 supra
2119 2906 2162 2936 -2'-

2058 3022 2153 3046 ’.η

2137 3053 2147 3063 l

2148 2959 2160 2976 ί

2142 2999 2155 3016 ‘l-

2124 3067 2158 3128 ἵε

2099 3135 2160 3205 ᾸΙᾷ

2092 3238 2097 3243 .
2119 3211 2155 3247 a

2097 3268 2108 3277 ἰ
2128 3265 2157 3299 Ξ-
