2107 3404
780 146 832 151 —-
861 120 943 163 441
975 145 1029 151 —

181 223 294 265 Item
316 223 586 268 diffiniendo
625 227 979 282 pronunciamus
1008 227 1151 270 dictos
1177 227 1385 271 dominos
1412 227 1467 271 de
1494 230 1678 274 Arsacio

122 305 223 336 esse
244 296 288 336 et
308 307 407 338 esse
429 295 594 340 debere
622 297 668 338 in
695 298 998 353 possessione,
1017 298 1088 341 vel
1116 298 1262 355 quasi,
1289 299 1444 341 utendi
1470 299 1677 355 jurisdic-

122 363 252 407 cione
273 368 318 408 et
343 379 444 408 eam
467 367 706 410 exercendi
733 368 778 410 in
802 381 962 412 manso
990 368 1190 425 predicto
1210 371 1254 411 et
1280 368 1377 424 ejus
1400 373 1674 414 tenemento.

180 433 292 477 Item
313 435 583 480 diffiniendo
608 439 960 493 pronunciamus
987 439 1225 482 silencium
1248 440 1536 495 imponentes
1559 441 1678 485 dicto

121 503 308 549 domino
333 507 464 550 Petro
491 508 546 550 de
574 508 798 552 Viridario
839 509 1084 552 castellano
1109 509 1510 560 .M0ntisferrandi,
1542 514 1585 553 et
1611 525 1680 555 ce-

121 574 229 617 teris
257 575 417 620 futuris
443 579 700 622 castellanis
720 593 800 635 pro
828 580 1051 636 episcopis
1098 580 1496 635 Magalonensibus
1523 586 1568 624 et
1595 596 1675 638 pro

121 648 266 690 castro
315 648 701 698 Montisferrandi,
732 663 786 692 ne
814 650 1028 706 deinceps
1079 651 1332 708 inquietent
1382 651 1591 695 dominos
1618 653 1673 695 de

126 718 328 766 Arsacio,
359 719 470 775 quin
521 720 662 763 libere
684 719 880 764 habeant
909 725 953 763 et
1004 722 1266 778 possideant
1315 721 1675 778 jurisdictionem

117 787 224 830 dicti
252 791 398 832 mansi
426 793 470 833 et
496 790 593 846 ejus
644 793 908 840 tenementi,
957 795 1000 835 et
1021 793 1132 849 quin
1178 793 1315 835 libere
1359 793 1674 848 jurisdiccione

92 861 307 902 *utantur
332 860 379 902 in
405 873 566 904 manso
594 862 795 917 predicto
822 865 865 905 et
886 862 984 918 ejus
1011 866 1287 906 tenemento.

176 930 286 972 Item
309 931 578 975 diffiniendo
614 934 972 988 pronunciamus
1012 934 1182 976 dictum
1228 934 1463 977 dominum
1504 935 1674 991 episco-

115 1014 242 1057 pum,
274 1005 318 1044 et
344 1002 440 1058 ejus
471 1003 812 1058 predecessores
864 1005 1100 1060 episcopos
1126 1005 1377 1060 Magalone,
1409 1007 1452 1048 et
1502 1000 1673 1048 dictum

115 1073 411 1115 castellanum
441 1076 484 1115 et
511 1074 608 1129 ejus
630 1075 970 1130 predecessores
992 1076 1276 1123 castellanos,
1297 1076 1481 1118 nomine
1503 1075 1675 1131 predic-

115 1147 264 1186 torum
291 1144 579 1187 dominorum
620 1146 937 1201 episcoporum
964 1146 1214 1201 Magalone,
1246 1159 1347 1189 esse
1376 1149 1421 1188 et
1446 1160 1544 1189 esse
1596 1147 1675 1189 de-

112 1215 219 1257 bere
247 1214 292 1256 iu
319 1216 620 1270 possessione,
651 1217 723 1259 vel
749 1217 895 1274 quasi,
915 1217 1114 1260 habendi
1140 1220 1183 1259 et
1221 1217 1411 1259 levandi
1426 1217 1671 1272 intragium

113 1285 169 1327 de
195 1285 472 1328 animalibus
498 1286 764 1341 alienigenis
792 1301 872 1329 seu
899 1287 1144 1335 extraneis,
1175 1287 1221 1328 in
1261 1300 1420 1330 manso
1471 1287 1671 1342 predicto

112 1369 192 1399 seu
229 1357 326 1413 ejus
354 1359 613 1400 tenemento
640 1358 1002 1413 depascentibus.

170 1428 299 1476 Item,
328 1441 431 1470 cum
482 1431 657 1471 constat
683 1428 814 1471 nobis
866 1428 1037 1472 dictum
1081 1441 1293 1471 mansum
1321 1441 1419 1471 esse
1465 1429 1519 1470 de
1548 1431 1671 1471 tene-

114 1502 267 1542 mento
287 1498 421 1542 castri
447 1499 504 1542 de
532 1498 731 1547 Arsacio,
754 1499 1022 1542 diffiniendo
1043 1499 1396 1555 pronunciamus
1416 1499 1538 1555 quod
1564 1499 1671 1541 dicti

108 1570 280 1613 domini
311 1570 366 1612 de
395 1569 594 1617 Arsacio,
643 1571 701 1612 ad
729 1570 1078 1627 requisicionem
1107 1570 1422 1626 episcoporum
1474 1569 1672 1624 Magalo-

108 1641 334 1690 nensium,
367 1641 440 1684 vel
468 1641 584 1684 alius
612 1640 708 1696 ejus
736 1641 934 1688 nomine,
974 1644 1214 1684 teneantur
1243 1653 1557 1696 recognoscere
1586 1640 1672 1682 eis-

108 1712 214 1754 dem
242 1712 466 1768 episcopis
491 1712 854 1768 jurisdiecionem
895 1712 1001 1754 dicti
1031 1712 1177 1754 mansi
1204 1715 1247 1754 et
1275 1711 1372 1766 ejus
1399 1710 1663 1757 tenementi,

110 1786 162 1826 ut
190 1786 501 1826 tenementum
528 1786 572 1825 et
600 1783 875 1825 territorium
903 1783 1038 1825 castri
1066 1783 1121 1824 de
1144 1782 1342 1825 Arsacio.

169 1855 281 1897 Acta
307 1853 489 1896 fuerunt
516 1854 597 1896 hec
622 1854 743 1909 apud
772 1854 1031 1900 Arsacium,
1063 1853 1109 1894 in
1137 1853 1369 1908 presencia
1396 1855 1439 1895 et
1465 1852 1668 1895 testimo-

105 1925 182 1967 nio
209 1924 439 1968 Guillelmi
465 1925 521 1967 de
549 1925 701 1967 Matha
727 1924 968 1972 domicelli,
1000 1923 1172 1966 domini
1198 1923 1416 1965 Johannis
1443 1923 1498 1965 de
1531 1923 1668 1965 lssar-

104 1995 261 2039 tilibus
291 1996 543 2052 presbiteri,
573 1999 617 2038 et
644 1996 762 2038 Petri
792 1995 1005 2050 Pelagalli
1049 1995 1216 2042 clerici,
1247 1998 1291 2036 et
1317 1994 1523 2049 magistri
1549 1993 1668 2036 Petri

103 2067 159 2109 de
187 2067 362 2109 Pozolis
407 2066 585 2113 notarii,
613 2069 655 2108 et
683 2066 898 2109 Bernardi
926 2066 1105 2108 Bedocii
1133 2065 1326 2113 diaconi,
1357 2068 1400 2106 et
1421 2065 1525 2106 Gilii
1564 2065 1666 2106 Rai-

105 2137 265 2179 mundi
290 2137 553 2193 jurisperiti,
603 2137 756 2179 Poncii
783 2137 936 2179 Grassi
963 2137 1018 2178 de
1070 2136 1315 2183 Sumfflrio,
1355 2135 1474 2178 Petri
1525 2135 1668 2177 Adze-

103 2208 231 2251 marii
280 2209 443 2256 clerici,
475 2213 519 2251 et
545 2209 664 2251 Petri
690 2209 745 2250 de
786 2207 1008 2262 Fregeria,
1034 2211 1078 2249 et
1106 2206 1310 2262 magistri
1360 2205 1579 2248 Johannis
1606 2205 1662 2246 de

102 2279 312 2335 Figueria
336 2279 498 2327 clerici,
553 2282 596 2320 et
623 2279 741 2322 Petri
788 2279 929 2326 Balbi,
961 2282 1005 2320 et
1053 2277 1272 2320 Johannis
1299 2276 1447 2333 Seqm·
1473 2278 1516 2318 et
1568 2275 1657 2318 mei

101 2350 223 2392 Petri
251 2350 307 2392 de
334 2351 506 2396 Mauso,
539 2350 704 2405 publici
732 2349 907 2391 domini
933 2348 1267 2404 Magalonensis
1294 2346 1493 2402 episcopi
1520 2346 1567 2388 in
1588 2359 1660 2388 eo-

105 2419 341 2462 mitatibus
368 2420 570 2475 Melgorii
616 2423 659 2462 et
686 2419 1068 2466 Montislerrandi,
1106 2422 1151 2460 et
1176 2418 1222 2460 in
1249 2421 1341 2460 tota
1368 2430 1450 2460 sua
1494 2416 1661 2459 diocesi

101 2491 280 2539 notarii,
310 2491 405 2548 qui,
437 2491 680 2534 mandatus
701 2491 783 2533 hec
810 2490 967 2546 scripsi
996 2493 1039 2532 et
1066 2477 1245 2545 signum
1275 2501 1430 2531 meum
1452 2487 1657 2543 apposui:

103 2563 148 2604 et
174 2562 263 2605 rasi
291 2566 336 2606 et
356 2561 566 2617 rescripsi
593 2574 731 2617 supra
757 2562 802 2603 in
823 2561 893 2603 V¹⁴¹
920 2561 1039 2603 linea
1064 2560 1123 2603 ab
1143 2560 1231 2603 ista
1257 2560 1335 2601 ubi
1357 2559 1522 2601 dicitur
1540 2556 1666 2616 quod

99 2630 212 2673 dicti
228 2630 413 2674 ‘domim'
439 2631 507 2674 de.

950 2721 1046 2759 (lteg.
1074 2721 1107 2755 Ε,
1132 2721 1188 2750 [ol.
1213 2720 1274 2750 200
1291 2726 1347 2754 w).

265 2855 359 2887 Cart.
380 2856 422 2886 de
444 2856 530 2896 Mag.
555 2857 591 2887 T.
615 2856 660 2886 ΙΙΙ
1391 2854 1431 2885 56
