2107 3404
725 99 736 108 ”
797 141 837 148 -
865 116 952 160 443
981 141 1034 148 -

130 221 323 278 singulis
349 222 397 264 in
424 222 544 265 dicta
568 223 861 279 inquisitione
889 225 1126 273 contentis,
1151 224 1406 267 remitendo
1433 225 1474 267 ei
1501 238 1683 269 omnem

129 292 310 349 culpam
339 295 384 336 et
409 306 576 349 penam
603 293 748 349 alege
775 297 819 336 et
844 307 872 336 a
891 307 1064 338 canone
1087 294 1174 338 sibi
1202 308 1284 350 pro
1311 295 1526 351 predictis
1549 296 1595 338 in
1621 296 1690 338 in-

131 363 375 419 quisitione
401 364 623 407 contentis
651 364 867 407 debitam.

187 433 340 476 Voluit
368 437 520 478 tamen
565 437 609 477 et·
659 436 859 491 precepit
909 436 1139 492 predictus
1184 436 1397 479 dominus
1448 437 1685 493 episcopus

127 505 329 560 predicto
357 505 402 548 B.
429 505 484 548 de
505 505 730 555 Verneda‚
760 507 880 563 quod
903 507 999 562 ipse
1029 507 1075 550 B.
1103 509 1308 549 teneatur
1334 508 1574 563 providere
1595 509 1686 550 dic-

130 578 172 618 te
201 576 394 624 mulieri,
443 590 582 633 quam
633 576 952 632 impregnarit,
985 578 1029 619 in
1057 578 1255 621 dotando
1281 591 1385 620 eam
1432 579 1683 621 secundum

126 635 409 690 voluntatem
437 650 482 689 et
507 647 845 690 ordinacionem
874 662 1061 690 suorum
1089 649 1328 691 curialium
1379 650 1499 692 curie
1527 663 1684 706 supra-

128 717 259 761 dicte.

184 789 327 840 Quam
374 790 655 833 voluntatem
684 794 728 833 et
754 790 1089 834 ordinationem
1140 792 1285 835 dictus
1337 792 1592 836 Bernardus
1633 805 1680 835 se

124 863 392 916 sequturum
423 865 468 904 et
492 861 864 916 adimpleturum,
895 862 981 904 sub
1019 862 1291 917 obligatione
1318 863 1523 905 omnium
1544 864 1683 906 bono-

123 944 224 973 rum
242 924 447 979 suorum,
469 932 676 988 promisit
695 935 738 974 et
757 932 924 988 juravit
945 933 1073 975 tactis
1099 947 1181 989 per
1207 947 1310 976 eum
1333 934 1411 976 Dei
1432 933 1679 989 evangeliis

122 1002 435 1045 sacrosanctis.

181 1074 294 1116 Acta
321 1073 502 1116 fuerunt
528 1074 610 1117 hec
635 1075 796 1118 Tribus
824 1074 935 1123 Viis,
967 1088 1086 1118 anno
1131 1075 1311 1118 Domini
1338 1075 1399 1118 Μο
1425 1075 1507 1119 CC⁰
1527 1079 1679 1119 octua-

120 1145 295 1200 gesimo
322 1158 457 1193 nono,
487 1145 602 1188 XIII⁰
630 1145 848 1188 kalendas
886 1146 1094 1194 octobris,
1127 1147 1414 1203 presentibus
1441 1150 1486 1190 et
1510 1147 1567 1191 ad
1594 1148 1677 1192 hoe

119 1215 291 1259 vocatis
318 1216 509 1260 testibus
537 1216 721 1260 domino
749 1217 880 1260 Petro
906 1216 961 1260 de
984 1217 1206 1261 Viridario
1228 1218 1471 1261 castellano
1492 1219 1677 1261 Montis-

118 1287 337 1336 ferrandi,
368 1292 413 1331 et
438 1289 654 1343 magistro
696 1289 927 1344 Stephano
948 1289 1004 1332 de
1055 1289 1265 1337 Ortholis,
1296 1292 1341 1332 et
1384 1291 1600 1346 magistro
1626 1292 1673 1334 B.

122 1361 178 1404 de
205 1359 447 1414 Anglariis,
479 1364 525 1403 et
551 1372 623 1402 me
650 1360 781 1403 Petro
808 1360 865 1403 de
892 1360 1068 1407 Mauso,
1100 1359 1279 1416 publico
1314 1361 1501 1415 predicti
1529 1362 1679 1417 Maga-

120 1432 320 1477 lonensis
347 1431 545 1488 episcopi
572 1431 619 1472 in
643 1433 733 1474 tota
764 1443 902 1485 supra
926 1430 1250 1485 jurisdictione,
1281 1431 1486 1474 dictrictu
1514 1436 1557 1474 et
1583 1433 1678 1474 dio-

117 1504 208 1548 cesi
229 1502 419 1551 notario,
443 1502 521 1559 qui
549 1501 678 1558 jussu
717 1502 906 1557 predicti
933 1502 1106 1544 domini
1127 1502 1457 1558 Magalonensis
1479 1503 1677 1559 episcopi

119 1575 202 1618 hec
228 1573 387 1629 scripsi
409 1576 453 1615 et
473 1573 655 1627 signum
681 1586 836 1615 meum
864 1573 1071 1629 apposui.

720 1729 818 1768 (Reg.
840 1730 880 1763 A,
903 1728 963 1765 101,
985 1728 1057 1766 280,
1075 1732 1109 1760 et
1130 1728 1165 1766 C,
1186 1729 1246 1766 Iol,
1274 1729 1332 1760 156
1352 1731 1407 1768 r²).

461 1997 715 2041 DCCCXIX.
749 2024 800 2028 —
831 1997 886 2040 19
921 1998 1179 2053 septembre
1208 1997 1321 2041 1289

160 2152 422 2200 Quittance
445 2151 505 2188 de
525 2150 666 2187 3000
686 2150 787 2188 sols
806 2151 1069 2198 melgoires
1089 2151 1208 2188 faite
1234 2161 1299 2187 au
1317 2160 1592 2197 procureur
1610 2150 1671 2186 de

109 2211 329 2257 l’eveque
347 2221 473 2257 pour
491 2210 817 2256 l'aequisition
841 2210 900 2247 de
920 2211 1145 2247 Brissae.

172 2345 303 2387 Anno
330 2343 560 2387 Dominice
588 2343 910 2386 Incarnationis
939 2343 1000 2385 Μο
1026 2343 1336 2386 ducentesimo
1362 2344 1668 2398 octuagesimo

114 2427 247 2458 nono.
273 2414 484 2457 videlicet
504 2414 640 2457 tercio
669 2414 843 2456 decimo
871 2413 1090 2456 kalendas
1116 2413 1324 2457 octobris.
1356 2413 1542 2456 domino
1567 2413 1670 2456 Phi-

109 2484 234 2541 lippo
260 2485 339 2528 Dei
366 2485 511 2540 gratia
536 2497 639 2536 rege
667 2485 938 2527 Francorum
962 2487 1190 2540 regnante,
1216 2487 1259 2527 et
1280 2484 1465 2527 domino
1486 2482 1667 2542 Bleren-

107 2553 249 2614 gario]
279 2555 438 2598 eadem
465 2555 609 2611 gratia
634 2555 942 2610 Magalonensi
969 2555 1180 2611 episcopo
1207 2555 1479 2611 presidente,
1530 2568 1666 2598 nove·

108 2625 199 2668 rint
219 2626 474 2669 universi...
499 2626 621 2682 quod
649 2639 730 2681 ego
757 2626 1015 2668 Guiraudus
1042 2626 1097 2668 de
1119 2626 1376 2669 Luscusone
1398 2627 1475 2679 (z
1496 2626 1664 2668 Lusen-

110 2698 237 2752 sone)
265 2696 411 2743 miles,
442 2699 703 2752 procurator
728 2697 892 2739 nobilis
920 2697 1004 2739 viri
1027 2696 1203 2739 domini
1232 2696 1429 2744 Henrici,
1462 2697 1538 2739 Dei
1566 2710 1666 2752 gra-

111 2766 172 2809 tia
198 2760 375 2809 comitis
403 2766 723 2815 Ruthenensis‚
754 2767 937 2809 nomine
985 2767 1290 2822 procuratorio
1334 2767 1439 2809 dicti
1493 2767 1662 2808 domini
