2040 3404
725 236 791 248 ,-
817 209 905 254 ὕῦ3
934 234 986 244 --

147 320 326 369 Actum,
358 322 495 363 testes
522 321 566 362 et
592 318 791 361 notarius
812 320 860 360 ut
881 329 1030 372 supra.

951 459 1046 497 (Reg.
1066 457 1100 494 F,
1120 457 1177 488 101.
1198 455 1258 487 292
1280 457 1337 489 ν’).

148 585 515 630 DCCCLXXXIX.
539 611 590 616 —
620 586 751 627 Anno
773 587 816 625 et
838 583 910 626 die
940 583 1106 639 quibus
1124 595 1276 638 supra,
1294 583 1562 626 Guillelmus
1580 586 1635 628 de

89 656 378 705 Roscassolis,
421 656 651 712 parrochie
673 655 728 698 de
767 656 898 701 Roca.
930 653 1189 709 recognovit
1228 653 1348 696 dicto
1390 655 1632 698 castellano

89 739 138 768 se
164 726 326 769 debere
354 727 460 772 dare
511 726 604 782 regi
631 729 676 768 et
711 725 808 780 ejus
859 725 978 767 curie
1008 724 1163 771 Salvii.
1217 738 1298 781 pro
1325 725 1536 775 caslania,
1591 727 1638 769 in

87 796 220 840 tertio
258 810 376 841 anno
421 800 655 854 perpetuo,
686 809 827 838 unum
878 796 1043 839 cartole
1070 794 1229 843 civate,
1260 796 1381 852 quod
1432 797 1640 853 promisit

88 868 277 911 solvere.

146 940 323 987 Actum,
356 942 491 982 testes
519 942 563 981 et
589 938 790 981 notarius
819 941 865 979 ut
892 950 1041 993 supra.

957 1079 1053 1118 (Ress.
1078 1080 1112 1115 F,
1132 1080 1191 1111 fol.
1216 1080 1275 1111 293
1293 1082 1344 1117 r⁰).

147 1218 372 1262 DCCCXC.
399 1244 452 1249 —
481 1220 612 1260 Anno
652 1221 697 1261 et
746 1217 818 1260 die
845 1217 1011 1274 quibus
1057 1231 1207 1274 supra,
1240 1219 1428 1262 Michael
1455 1220 1511 1262 de
1557 1221 1639 1263 Ro-

88 1290 214 1333 veria
238 1290 418 1338 Grossa.
445 1290 676 1345 parrochie
699 1290 754 1332 de
781 1289 914 1336 Roca.
945 1289 1206 1344 recognovit
1227 1290 1374 1333 eidem
1394 1292 1638 1335 castellano

90 1374 138 1404 se
165 1361 331 1404 debere
359 1360 466 1403 dare
494 1360 586 1415 regi
613 1363 657 1403 et
683 1359 780 1416 ejus
807 1360 928 1402 curie
958 1359 1116 1408 Salvii,
1147 1360 1194 1402 in
1238 1361 1369 1404 tertio
1395 1375 1514 1404 anno
1543 1376 1640 1418 per-

87 1435 240 1488 petuo,
272 1445 351 1487 pro
379 1431 591 1479 caslania,
622 1444 763 1473 unum
790 1431 957 1473 cartole
983 1430 1144 1479 civate‚
1173 1432 1295 1486 quod
1322 1433 1530 1487 promisit
1555 1434 1642 1476 sol-

86 1515 207 1545 vere.

145 1575 324 1621 Actum.
355 1576 492 1617 testes
519 1575 563 1614 et
589 1572 791 1615 notarius
819 1575 867 1614 ut
893 1586 1042 1628 supra.

952 1715 1049 1753 (Reg.
1072 1715 1107 1749 F.
1129 1715 1189 1746 fol.
1211 1714 1272 1746 293
1292 1717 1347 1754 r').

147 1839 390 1883 DCCCXCI.
424 1864 476 1869 —
507 1841 637 1882 Anno
658 1843 703 1881 et
718 1839 789 1881 die
814 1839 980 1895 quibus
1002 1852 1152 1895 supra,
1173 1840 1513 1884 Bai-tholomeus
1528 1843 1645 1898 Dyo-

87 1910 206 1958 nisii,
237 1909 471 1966 parrochie
498 1910 553 1952 de
580 1909 833 1962 Quincieco,
872 1910 1134 1964 recognovit
1160 1911 1277 1953 dicto
1304 1913 1561 1961 castellano,
1593 1927 1641 1956 se

88 1981 253 2023 debere
281 1981 386 2023 dare
417 1981 508 2036 regi
530 1983 574 2022 et
594 1982 690 2036 ejus
711 1980 831 2023 curie
855 1980 1010 2027 Salvii‚
1042 1981 1088 2023 in
1112 1982 1241 2024 tertio
1262 1996 1381 2024 anno
1402 1987 1637 2038 perpetuo,

88 2065 169 2108 pro
195 2051 406 2099 caslania,
433 2049 587 2109 [unam
609 2051 808 2094 eminam
836 2050 996 2110 civate]
1026 2065 1164 2108 quam
1186 2053 1391 2108 promisit
1418 2054 1606 2096 solvere.

146 2123 324 2171 Actum,
343 2124 480 2164 testes
507 2124 550 2164 et
577 2122 776 2164 notarius
799 2125 845 2164 ut
872 2135 1020 2178 supra.

953 2277 1050 2315 (Reg.
1076 2277 1108 2313 F,
1129 2277 1186 2308 tol.
1206 2277 1267 2308 293
1289 2281 1346 2310 w).

138 2399 216 2434 Les
238 2404 345 2435 mots
366 2405 478 2435 entre
505 2400 692 2436 crochets
714 2411 762 2436 ne
779 2411 823 2436 se
845 2405 1033 2436 trouvent
1059 2412 1133 2448 pes
1148 2400 1250 2436 dans
1271 2401 1398 2444 Paete,
1422 2403 1524 2438 mais
1540 2410 1640 2439 (lans

88 2457 264 2494 l’en-tete
285 2462 336 2494 ou
357 2464 450 2494 sont
471 2463 659 2494 resumes
680 2469 749 2495 ces
771 2459 871 2495 trois
893 2459 1076 2496 derniers
1097 2465 1209 2495 actes
1232 2460 1296 2495 fol.
1321 2459 1402 2496 293.

151 2600 414 2644 DCCCXCII.
448 2627 501 2632 —
530 2603 659 2644 Anno
687 2605 729 2644 et
756 2602 828 2644 die
855 2603 1022 2659 quibus
1053 2616 1204 2658 supra,
1238 2604 1391 2646 Bndus
1418 2605 1473 2646 de
1495 2605 1642 2646 Buxe-

91 2670 168 2713 riis
195 2672 414 2727 superior,
445 2673 676 2728 parrochie
715 2673 770 2715 de
793 2673 1011 2715 Baucellis
1038 2674 1297 2728 recognovit
1341 2674 1458 2717 dicto
1484 2676 1642 2717 castel-

93 2740 197 2783 lano
224 2755 271 2784 se
299 2742 462 2785 debere
491 2743 598 2785 dare
625 2743 715 2798 regi
745 2746 789 2786 et
814 2744 933 2786 curie
958 2743 1054 2799 ejus
1082 2745 1237 2791 Salvii,
1268 2745 1315 2786 in
1343 2745 1472 2788 tertio
1522 2759 1639 2787 anno

92 2815 326 2866 perpetuo,
344 2827 438 2869 vpro
459 2813 672 2862 caslania,
704 2827 841 2857 unam
863 2815 1063 2857 eminam
1085 2816 1245 2862 civem,
1276 2829 1412 2871 quam
1437 2817 1641 2870 promisit

258 2894 339 2925 cart
372 2887 413 2924 db.
435 2895 522 2934 Mag.
544 2896 581 2926 T.
606 2895 651 2926 111
1374 2897 1413 2926 τυ
