2040 3404
768 149 820 154 -—
849 123 931 166 661
964 147 1016 154 —·

118 229 290 286 petiam
321 233 434 272 terre
464 242 611 272 meam
641 244 743 273 eum
782 230 1033 279 arboribus,
1064 229 1334 279 introitibus,
1380 228 1578 274 exitibus
1622 232 1668 275 et

120 300 220 343 aliis
245 300 457 344 omnibus
486 301 571 343 sibi
599 302 799 357 undique
827 301 1153 357 pertinentibus
1180 304 1223 344 et
1248 315 1350 344 cum
1378 301 1501 344 omni
1528 300 1663 344 etiam

117 371 215 427 jure
242 372 362 428 quod
390 371 434 413 in
457 385 509 414 ea
536 374 576 414 et
610 372 783 427 juribus
835 372 1054 426 ejusdem,
1085 373 1130 414 in
1159 375 1303 414 totum
1330 373 1400 415 vel
1428 373 1474 415 in
1518 375 1660 429 parte,

111 434 256 484 ¹michi
282 442 498 498 competit
526 445 602 485 aut
629 446 885 498 competere
909 446 1069 498 potest,
1100 457 1159 486 ex
1177 446 1406 486 contractu
1435 444 1506 487 vel
1526 445 1665 501 quovi

115 515 342 556 contractu
370 513 425 555 de
447 526 500 556 ea
516 513 644 556 tacto,
666 514 737 555 vel
765 514 853 555 alio
868 515 1022 562 inodo,
1045 514 1090 556 in
1107 514 1307 556 alodium
1322 514 1531 563 liberum,
1546 515 1666 558 fran-

115 596 217 626 cum
238 586 283 626 et
307 584 579 626 absolutum.

173 653 266 705 Que
281 654 464 710 quidem
482 655 753 697 condamina
773 658 835 697 est
861 655 904 696 in
922 659 1178 698 tenemento
1199 657 1332 700 castri
1353 657 1409 699 de
1429 656 1659 713 Melgorio.

113 727 157 768 et
182 725 487 768 confrontatur
514 739 568 767 ex
597 739 691 767 una·
714 729 838 780 parte
865 739 967 768 cuin
994 727 1171 769 camino
1197 740 1286 782 quo
1327 727 1416 770 itur
1440 740 1468 770 a
1515 731 1661 772 castro

113 796 168 838 de
196 795 408 851 Melgorio
430 810 588 838 versus
603 797 1117 852 Montempessulanum‚
1144 801 1187 840 et
1213 812 1269 840 ex
1290 798 1379 841 alia
1404 801 1530 855 parte
1556 812 1659 844 cum

110 865 288 908 camino
314 880 404 922 quo
431 866 521 908 itur
547 867 601 908 de
630 867 748 909 dicto
793 870 938 909 castro
983 881 1145 910 versus
1191 871 1375 923 pontem
1402 869 1458 912 de
1509 867 1663 926 (blanc

111 937 135 979 1
163 943 273 979 cent.
275 938 311 992 )‚
342 940 387 980 et
406 950 463 980 ex
484 938 571 979 alia
586 950 690 980 cum
705 937 1070 993 possessionibus
1097 952 1185 995 que
1212 942 1422 983 tenentur
1442 940 1501 983 ab
1521 940 1658 985 eccle-

108 1008 175 1051 sia
196 1008 357 1051 Sancte
403 1008 553 1051 Crucis
580 1009 637 1051 de
664 1008 893 1063 Melgorio‚
926 1022 985 1051 ex
1028 1009 1117 1052 alia
1143 1023 1246 1052 cum
1272 1010 1348 1053 via
1372 1023 1463 1068 qua
1488 1011 1578 1054 itur
1602 1009 1658 1056 de

105 1079 319 1134 Melgorio
341 1093 499 1122 versus
530 1081 742 1122 Sanctam
771 1080 972 1127 Crucem,
1003 1083 1048 1123 et
1073 1093 1131 1122 ex
1159 1080 1253 1123 alia
1277 1094 1380 1124 cum
1407 1095 1538 1126 muro
1563 1096 1659 1127 cas-

105 1150 162 1192 tri
182 1150 237 1192 de
258 1150 488 1205 Melgorio,
513 1150 679 1193 vallato
700 1150 746 1191 in
769 1150 936 1199 medio,
966 1152 1010 1193 et
1029 1163 1087 1194 ex
1106 1151 1195 1195 alia
1214 1165 1317 1194 cum
1341 1152 1508 1196 honore
1533 1153 1658 1198 Guil-

106 1221 230 1264 lelmi
257 1221 458 1269 Amardi,
490 1221 657 1264 vallato
704 1221 750 1263 in
778 1221 944 1269 medio,
975 1224 1103 1265 etex
1153 1223 1243 1266 alia
1291 1236 1392 1266 cum
1437 1224 1656 1269 cimiterio

104 1293 236 1336 Beate
264 1292 401 1335 Marie
434 1293 490 1334 de
511 1292 739 1347 Melgorio.

163 1363 353 1418 Insuper
379 1376 459 1418 ego
487 1362 690 1418 prefatus
712 1363 870 1405 Petrus
897 1363 1128 1406 Almeradi
1155 1364 1300 1413 miles,
1333 1366 1493 1409 eodem
1521 1369 1654 1412 modo

104 1437 148 1478 et
169 1434 314 1478 fornia
339 1434 505 1490 quibus
533 1447 723 1489 supra...
743 1434 945 1477 vendo...
963 1437 1007 1476 et
1026 1435 1074 1476 in
1088 1435 1290 1478 alodium
1306 1436 1514 1489 liberum,
1536 1438 1657 1483 fran-

102 1519 204 1549 cum
233 1508 277 1549 et
301 1505 561 1548 absolutum
588 1505 769 1560 penitus
795 1505 1058 1561 derelinquo
1085 1505 1182 1554 tibi,
1212 1507 1369 1550 Pontio
1413 1509 1655 1554 Raimundi

103 1577 334 1633 capellano
362 1575 575 1632 presenti,
607 1575 840 1631 stipulanti
868 1579 912 1618 et
937 1576 1169 1632 recipienti
1207 1591 1288 1633 pro
1314 1579 1431 1622 dieto
1471 1581 1655 1626 domino

102 1648 314 1704 episcopo
359 1649 403 1689 et
446 1646 628 1689 nomine
668 1647 882 1701 ipsius.‚.,
913 1647 1081 1690 scilicet
1117 1648 1334 1693 directum
1381 1651 1649 1701 dominium,

102 1719 337 1762 consilium
370 1722 413 1760 et
439 1718 723 1765 laudimium,
755 1721 799 1760 et
825 1718 938 1760 duos
982 1719 1194 1762 sestarios
1220 1721 1345 1762 ordei
1371 1725 1416 1763 et
1436 1723 1647 1771 eminam,

102 1795 192 1833 tres
219 1790 440 1832 sextarios
468 1792 512 1831 et
538 1789 735 1831 eminam
765 1789 978 1830 frumenti
1001 1790 1174 1839 usatici,
1205 1805 1292 1847 que
1329 1793 1483 1835 onmia
1509 1793 1653 1837 habeo

100 1863 146 1903 et
177 1861 298 1903 visus
327 1874 427 1902 sum
457 1860 622 1902 habere
651 1860 696 1901 in
723 1859 831 1902 ortis
859 1863 904 1902 et
929 1861 1307 1915 possessionibus,
1339 1863 1437 1905 sitis
1464 1867 1507 1906 et
1534 1865 1653 1907 exis—

100 1932 300 1974 tentibus
323 1931 440 1973 intra
465 1945 545 1973 seu
575 1944 714 1986 prope
741 1931 907 1973 dictant
929 1932 1262 1974 condaminam.

158 2003 243 2045 Pro
269 2003 352 2044 hac
371 2006 524 2044 autem
552 2002 827 2047 venditione,
847 2002 1049 2044 cessione
1077 2004 1422 2048 etconcessione
1438 2006 1651 2061 predictis

103 2086 422 2127 ...recognosco
447 2086 515 2114 me
544 2073 755 2115 habuisse
783 2076 827 2114 et
848 2074 1127 2115 numerando
1142 2074 1362 2129 recepisse
1383 2079 1488 2125 ate,
1514 2076 1649 2120 michi

99 2145 301 2187 tradente
321 2148 365 2186 et
378 2144 598 2191 solvente,
623 2143 759 2198 precii
775 2143 973 2191 nominc,
1000 2157 1079 2198 pro
1106 2144 1223 2187 dicto
1239 2146 1424 2189 domino
1440 2148 1650 2204 episcopo

99 2218 143 2258 ct
178 2215 234 2257 de
279 2214 470 2270 pecunia
495 2218 539 2257 et
576 2214 703 2256 bonis
730 2213 887 2269 ipsius,
937 2214 1175 2258 duodecim
1226 2216 1352 2259 milia
1400 2218 1649 2263 solidorum

100 2286 484 2341 melgoriensium,
516 2285 559 2326 in
587 2284 808 2341 quibus...
848 2285 1061 2327 renuncio
1089 2286 1345 2341 exceptioni
1366 2301 1457 2330 non
1506 2288 1652 2333 hahiti

98 2360 142 2399 et
168 2370 257 2398 non
279 2356 413 2398 soluti
441 2355 631 2411 precii...

156 2426 203 2470 si
229 2427 336 2483 quid
367 2440 472 2468 vero
501 2427 614 2468 dicte
644 2426 705 2468 rei
727 2426 885 2480 (zi-ei)
909 2440 1045 2482 supra
1077 2428 1260 2470 vendite
1286 2442 1314 2472 a
1335 2443 1407 2472 me
1426 2443 1531 2473 cum
1552 2432 1646 2475 suis

95 2497 269 2553 juribus
296 2498 398 2553 plus
444 2497 592 2552 precio
636 2497 859 2539 antedicto
909 2511 1027 2540 nunc
1053 2502 1131 2540 aut
1156 2498 1200 2540 in
1244 2499 1447 2544 futurum
1497 2502 1647 2545 valere

96 2568 340 2616 videretur,
371 2568 481 2609 illud
504 2571 647 2610 totum
692 2568 907 2623 quicquid
936 2569 994 2611 sit
1019 2572 1098 2612 aut
1118 2569 1267 2619 tuerit,
1299 2584 1378 2614 seu
1404 2575 1648 2628 quantum-

96 2651 287 2694 cumque
315 2638 566 2684 excederet,
623 2638 724 2680 licet
751 2639 867 2680 ultra
916 2639 1168 2689 dimidiam,
1194 2654 1275 2696 per
1296 2655 1367 2684 me
1395 2644 1440 2685 et
1487 2655 1646 2686 omnes

97 2722 220 2750 meos
247 2709 342 2750 tibi.
375 2723 452 2763 pro
480 2709 597 2750 dicto
618 2709 801 2751 domino
829 2709 1039 2765 episcopo
1065 2710 1161 2765 ejus
1183 2711 1363 2755 nomine
1390 2712 1640 2769 stipulanti,

96 2782 137 2819 et
159 2779 386 2834 recipienti
416 2783 459 2821 et
487 2793 566 2834 per
593 2783 631 2821 te
661 2780 745 2834 ipsi
774 2782 818 2822 et
843 2793 939 2834 ejus
967 2782 1315 2830 successoribuS,
1345 2783 1463 2827 bono
1488 2785 1641 2828 animo
