2107 3404
784 111 1032 155 -425—

127 212 307 256 solvere
327 218 662 257 consueverunt
682 216 881 262 dominis
901 218 1007 262 dicti
1023 221 1157 265 castri
1178 221 1233 265 de
1261 223 1494 274 BrissiacO,
1514 227 1684 271 ratione

128 281 334 338 ejusdem
361 285 493 328 castri
539 286 727 341 singulis
754 289 901 338 annis,
933 303 1015 346 ego
1053 291 1198 336 dictus
1225 293 1493 339 Guillelmus
1544 311 1681 341 unam

125 354 342 398 eiminam
369 369 513 399 avene
563 357 620 400 ad
648 371 910 403 mensuram
938 361 1044 404 dicti
1088 364 1236 412 castri,
1268 367 1312 407 et
1338 365 1451 410 duas
1489 368 1681 423 gallinas

122 426 196 470 vel
223 427 426 470 valorem
454 442 628 479 earum;
659 432 703 473 et
729 443 811 486 ego
850 433 997 476 dictus
1025 434 1099 476 Pe.
1128 434 1187 476 de
1215 435 1458 480 Issarcellis
1487 441 1531 481 et
1555 443 1681 483 ante-

50 534 52 537 .
120 510 324 542 cessores
352 499 458 548 mei,
489 503 700 556 parentes
752 501 994 547 Guillelme
1022 504 1177 548 uxoris
1204 518 1320 555 mee,
1351 506 1607 553 habitantes
1634 512 1681 554 in

122 583 281 612 manso
303 570 358 612 de
379 570 625 614 Rocaffolio
647 572 764 627 (sic),
791 573 837 615 in
858 587 948 630 quo
975 588 1150 624 manso,
1180 576 1353 620 ratione
1381 577 1496 622 dicte
1523 582 1678 624 uxoris

119 653 234 690 mee,
266 641 484 691 inhabito,
517 656 658 685 unum
705 644 947 686 sestarium
975 658 1128 688 rasum
1155 660 1297 690 avene
1350 648 1406 690 ad
1458 651 1667 694 eamdem

19 732 39 737 r
110 726 392 761 mensuram,
423 715 467 756 et
493 714 555 756 ibi
582 716 815 769 apotatum
843 715 1259 771 (zaportandum).

174 787 228 830 Et
252 787 415 830 idcirco
439 799 534 834 nos,
567 785 755 841 predicti
776 785 828 829 G.
855 789 898 828 et
922 787 1013 835 Pe.‚
1045 801 1126 842 pro
1146 789 1276 832 nobis
1303 794 1347 833 et
1374 793 1538 836 nostris
1564 807 1664 850 per-

114 861 252 915 petuo
279 857 628 905 successoribus
660 859 704 899 et
730 857 974 900 heredibus
1001 858 1119 900 dicte
1147 858 1404 910 GuiIIelme,
1437 876 1537 906 mee
1560 879 1671 909 uxo-

117 929 178 972 ris
230 928 320 971 mei
346 927 453 970 dicti
503 928 639 976 Petri,
670 927 981 971 habitantibus
1028 942 1108 971 seu
1153 929 1425 975 habitaturis
1451 933 1497 975 in
1542 935 1672 980 dictis

113 999 302 1056 mansis,
332 1012 433 1041 cum
462 1000 635 1041 constet
662 998 791 1040 nobis
819 999 881 1041 ita
926 1012 1024 1042 esse
1053 1003 1098 1042 et
1123 1000 1264 1044 fuisse
1294 1016 1373 1058 per
1398 1003 1534 1060 longa
1560 1009 1673 1050 tem-

111 1085 236 1128 pora;

167 1142 221 1185 Et
247 1142 555 1198 promittimus
582 1142 713 1185 vobis
740 1143 859 1185 dicto
886 1143 1070 1187 domino
1111 1147 1404 1201 procuratori,
1435 1148 1669 1206 recipienti

106 1217 154 1257 et
180 1212 431 1270 stipulanti,
462 1213 646 1255 nomine
674 1213 778 1256 dicti
807 1214 979 1256 domini
1006 1214 1206 1271 episcopi
1227 1219 1270 1258 et
1297 1231 1499 1267 suorum,
1524 1221 1669 1264 domi-

103 1299 270 1328 norum
297 1284 408 1345 [pro]
432 1287 635 1340 tempore
662 1284 867 1340 ejusdem
894 1285 1043 1329 castri,
1074 1288 1118 1328 et
1144 1300 1223 1342 pro
1250 1286 1348 1343 ipso
1375 1293 1521 1333 castro
1548 1292 1666 1335 solu-

102 1359 229 1400 turos
256 1360 299 1400 et
325 1359 603 1413 peccaturos,
634 1355 824 1410 singulis
851 1355 983 1398 annis
1011 1356 1058 1398 in
1084 1356 1199 1399 festo
1245 1359 1388 1402 sancti
1414 1360 1660 1411 Michaelis.

103 1430 270 1473 dictam
316 1441 513 1471 avenam
540 1430 584 1470 et
605 1427 746 1470 dictas
766 1426 973 1481 gallinas,
1004 1429 1137 1482 prout
1163 1429 1372 1483 superius
1393 1433 1462 1473 est
1482 1445 1665 1488 expres-

102 1514 221 1549 sum,
250 1500 308 1543 ad
341 1513 424 1542 nos
451 1501 748 1554 spectantem;
779 1497 972 1540 scientes
1000 1499 1043 1539 et
1068 1511 1172 1540 cum
1199 1499 1389 1543 veritate
1426 1515 1664 1557 recognos-

99 1575 254 1615 centes
287 1571 408 1628 quod
437 1570 471 1613 si
502 1583 582 1613 nos
611 1569 683 1612 vel
710 1582 991 1611 successores
1043 1569 1184 1611 nostri
1210 1570 1435 1615 nollemus
1486 1574 1661 1618 solvere

102 1642 272 1685 dictum
299 1654 486 1684 censum
514 1654 594 1684 seu
630 1639 855 1682 usatieum
885 1637 963 1697 [in]
993 1639 1112 1682 dicto
1163 1640 1388 1690 terminio,
1421 1643 1492 1685 vel
1543 1644 1657 1688 alias

101 1713 405 1759 differremus,
436 1712 557 1768 quod
585 1711 730 1753 dictus
757 1710 969 1753 dominus
1008 1710 1249 1766 episcopus
1282 1712 1355 1754 vel
1381 1713 1460 1769 qui
1510 1716 1659 1770 (zsui

99 1784 401 1838 successores)
423 1785 614 1838 possunt
635 1786 671 1823 el
698 1784 883 1836 possent
904 1794 985 1823 nos
1006 1781 1277 1836 compellere
1305 1783 1362 1824 ad
1384 1784 1655 1829 solutionem

100 1856 403 1913 predictorum
431 1858 475 1897 et
497 1856 688 1896 nostros.
1691 1838 1696 1842 ⁵

152 1927 250 1969 Tibi
278 1926 378 1968 fieri
404 1926 459 1968 de
487 1924 715 1980 predictis,
746 1926 790 1966 et
816 1923 937 1979 quod
988 1923 1049 1965 ita
1076 1937 1235 1966 verum
1263 1924 1321 1967 sit
1347 1929 1390 1968 et
1439 1927 1561 1983 quod
1588 1928 1652 1970 sic

99 2003 336 2041 teneamus
364 2000 408 2040 et
451 1996 767 2043 observamus,
798 1994 1031 2050 tenerique
1059 1997 1105 2037 et
1147 1995 1381 2038 observari
1431 1996 1654 2041 faciamus

89 2070 238 2119 vobis,
270 2070 388 2112 dicto
415 2067 599 2110 domino
626 2065 919 2121 procuratori,
949 2068 998 2106 ut
1025 2064 1195 2107 dictum
1223 2068 1305 2114 est,
1344 2068 1653 2122 promittimus

87 2156 191 2185 cum
225 2139 547 2197 corporalibus,
578 2141 623 2180 et
647 2151 675 2180 a
718 2135 1039 2192 corporalibus,
1072 2139 1115 2178 et
1141 2149 1168 2178 a
1193 2137 1396 2193 quolibet
1437 2142 1641 2181 nostrum

84 2212 286 2269 prestitis
311 2209 597 2266 juramentis;
627 2209 828 2250 dicentes
849 2210 894 2249 et
919 2207 1061 2249 eciam
1089 2210 1341 2250 asserentes
1370 2222 1451 2251 nos
1473 2211 1516 2251 et
1543 2223 1647 2252 nos-

84 2287 194 2330 tros,
226 2275 482 2324 habitantes
534 2284 578 2322 et
604 2279 884 2321 habitaturos
936 2277 981 2318 in
1009 2277 1139 2319 dictis
1169 2278 1354 2325 mansis,
1386 2278 1552 2321 habere
1604 2283 1648 2322 et

84 2354 252 2397 habere
280 2353 445 2395 debere
474 2364 606 2393 usum
634 2354 679 2392 et
719 2349 986 2404 explecham
1028 2347 1133 2389 dicti
1160 2348 1293 2390 castri
1340 2351 1384 2391 et
1434 2348 1640 2404 ejusdem

82 2423 413 2471 mandamenti,
447 2425 580 2478 prout
605 2420 741 2464 ceteri
769 2419 978 2462 homines
1006 2418 1111 2460 dicti
1137 2418 1272 2461 castri
1299 2419 1468 2461 habent
1495 2423 1539 2463 et
1569 2420 1648 2464 ha-

81 2495 189 2538 bere
217 2495 398 2542 debent,
430 2499 474 2536 et
498 2494 834 2535 consueverunt
858 2490 905 2532 in
932 2489 1050 2531 dicto
1078 2489 1418 2539 mandamento;
1450 2493 1493 2533 et
1520 2492 1642 2547 quod

80 2566 228 2608 dictus
254 2565 466 2607 dominus
493 2563 732 2619 episcopus
761 2575 841 2604 nos
868 2563 912 2603 et
940 2564 1119 2603 nostros
1149 2562 1328 2603 tenetur
1379 2561 1643 2604 deffendere

79 2639 125 2678 et
151 2636 265 2678 tueri
292 2639 341 2678 ut
366 2648 471 2678 suos
500 2634 657 2676 fideles
685 2636 729 2675 et
754 2633 935 2687 legales.

137 2778 191 2829 Et
216 2790 298 2820 nos
324 2777 447 2823 idem
474 2777 548 2818 Pe.
579 2776 726 2818 dictus
753 2777 1032 2830 procurator,
1063 2776 1112 2815 ut
1138 2774 1309 2815 dictum
1332 2776 1414 2820 est,
1469 2774 1641 2828 predic-

243 2859 336 2890 Cart.
356 2859 399 2889 dc
420 2859 508 2897 Mag.
530 2859 568 2889 T.
591 2858 637 2888 111
1374 2854 1411 2885 ‘264
