1991 3279
1070 159 1119 164 -
1149 114 1233 176 504
1265 160 1297 163 *-

478 242 529 282 Et
554 242 661 297 quia
689 241 890 297 predicta
917 242 1045 283 nobis
1090 241 1345 295 denegastis
1373 244 1417 282 et
1465 240 1613 283 adhuc
1640 241 1781 284 eciam
1830 228 1968 283 dene—

414 312 545 365 gatis;

475 386 537 427 Ex
564 384 653 427 hiis
681 389 725 428 et
752 398 889 439 super
915 385 1002 426 hiis
1025 384 1271 426 sentientes
1301 399 1394 432 nos,
1421 385 1600 428 nomine
1630 387 1781 427 nostro
1808 388 1852 427 et
1875 384 1966 426 dic-

419 459 450 500 ti
479 458 650 502 domini
679 458 893 515 episcopi,
925 472 951 500 a
978 458 1107 500 vobis
1137 459 1444 514 multipliciter
1463 459 1685 513 agr-avam

472 533 519 574 In
546 532 633 574 hiis
663 531 840 586 scriptis
866 530 923 572 ad
963 530 1200 572 dominum
1253 532 1549 574 senescallum
1579 530 1828 576 Bellicadri.
1884 543 1963 574 seu

415 605 472 647 ad
501 602 841 646 serenissimum
870 602 1104 644 dominum
1134 615 1285 656 regem
1325 603 1524 648 Francie,
1556 603 1629 645 vel
1654 603 1711 646 ad
1738 603 1865 645 illum
1906 601 1962 645 ad

409 691 544 733 quem
575 680 629 721 de
652 678 748 732 jure
778 689 964 732 presens
991 675 1233 730 appellatio
1283 675 1417 717 debet
1444 680 1488 719 et
1514 681 1663 733 potest
1706 679 1958 732 pervenire,

413 750 518 793 viva
545 764 652 793 voce
679 750 980 806 appellamus:
1007 750 1050 789 et
1076 748 1240 790 iterum
1268 751 1312 790 et
1337 749 1499 791 iterum
1527 750 1826 806 appellamus:

473 822 733 865 inhibentes
760 821 892 864 vobis
913 835 986 869 ne,
1016 821 1318 876 appellatione
1348 822 1586 876 pendente.
1613 822 1784 877 aliquid
1811 824 1965 865 contra

411 903 493 936 nos
521 896 564 936 et
609 894 778 937 dictum
826 893 1064 935 dominum
1116 892 1396 947 episcopum.
1429 907 1506 936 seu
1534 897 1691 947 gentes
1742 907 1862 936 suas.
1917 897 1962 936 et

406 962 575 1007 terram
604 979 750 1008 suam.
782 965 952 1019 aliquid
982 964 1174 1007 faciatis.
1205 977 1285 1007 seu
1312 964 1556 1010 innovetis:
1598 979 1680 1008 nee
1705 966 1761 1008 ad
1813 965 1964 1021 inqui-

408 1036 616 1079 sitionem
657 1037 761 1079 dicti
790 1050 1004 1079 excessus
1025 1049 1126 1078 cum
1157 1035 1363 1078 Alazacia
1383 1037 1597 1091 predicta,
1628 1051 1712 1081 neo
1736 1051 1837 1081 cum
1860 1029 1961 1080 aliis

405 1107 726 1162 aliquathenus
755 1107 1021 1162 procedatis.

463 1179 587 1229 Quod
618 1179 652 1221 si
683 1179 894 1226 fecerit-is,
921 1193 978 1221 ex
1005 1179 1087 1221 hoc
1127 1180 1273 1221 solnm
1309 1171 1554 1223 sentientes
1575 1194 1658 1223 nos
1702 1183 1957 1229 aeri-avatos⁷

403 1251 565 1295 iterum
594 1248 652 1293 ad
680 1252 905 1307 predictos
933 1262 1012 1293 seu
1039 1251 1095 1293 ad
1125 1251 1252 1293 illum
1279 1251 1336 1293 ad
1365 1265 1502 1307 quem
1524 1252 1583 1295 de
1610 1251 1709 1305 jure
1737 1240 1961 1308 dictasap-

408 1324 596 1377 pellacia
648 1319 885 1381 pervenire
936 1322 1114 1378 poterit.
1164 1323 1462 1377 appellamus.
1494 1326 1537 1364 et
1585 1337 1685 1366 cum
1738 1323 1961 1367 instancia

404 1399 574 1450 quanta
600 1393 859 1450 possumus,
890 1395 1119 1450 apostolos
1141 1408 1221 1436 seu
1254 1393 1424 1437 litteras
1453 1394 1734 1438 dimissorias
1760 1395 1958 1450 petimus

404 1466 534 1510 nobis
564 1468 685 1510 tradi
708 1470 752 1510 et
778 1466 976 1509 concedi:

467 1539 585 1589 Quas
602 1539 638 1581 si
654 1537 1001 1592 denegaveritis.
1027 1551 1083 1579 ex
1099 1537 1183 1578 hoc
1202 1551 1283 1580 nos
1297 1525 1505 1589 grai-atos
1517 1540 1802 1594 reputamus,
1823 1538 1958 1581 etite-

401 1623 502 1652 rum
530 1610 758 1653 etiterum
781 1609 1080 1664 appellamus.
1106 1610 1324 1663 ponentes
1352 1622 1432 1650 nos
1455 1611 1497 1650 et
1523 1608 1696 1651 dictum
1719 1609 1953 1652 dominum

401 1682 680 1735 episcopum,
710 1683 958 1734 gentesque
1005 1693 1124 1722 suas.
1156 1681 1200 1720 et
1226 1682 1390 1721 terram
1419 1693 1549 1722 suam
1577 1679 1622 1721 in
1681 1680 1955 1734 protectione

411 1755 455 1794 et
477 1751 665 1795 tuitione
690 1751 794 1794 dicti
818 1750 989 1793 domini
1014 1750 1131 1805 regis
1155 1750 1445 1792 Francorum.
1466 1753 1506 1792 et
1530 1751 1699 1793 domini
1723 1751 1958 1794 senescalli

401 1826 445 1865 et
471 1824 672 1866 Romane
694 1822 902 1866 Ecclesie.

462 1967 514 2009 Et
540 1967 727 2021 predicti
770 1965 939 2008 domini
992 1964 1132 2020 judex
1159 1967 1203 2007 et
1229 1964 1408 2018 bajulus
1455 1964 1668 2007 dixerunt
1716 1966 1834 2021 quod
1865 1979 1954 2008 non

398 2038 587 2080 credunt
614 2037 839 2093 predictos
890 2036 1172 2091 appellantes
1209 2035 1255 2077 in
1282 2035 1433 2092 aliquo
1483 2048 1740 2087 agravassffi
1766 2036 1884 2087 quod
1915 2036 1952 2079 si

396 2109 598 2152 fecerint.
630 2108 747 2164 quod
775 2122 865 2150 non
893 2107 1096 2150 credunt.
1127 2107 1271 2162 parati
1301 2109 1406 2150 sunt
1433 2111 1478 2150 et
1500 2121 1547 2150 se
1577 2107 1776 2150 offerunt
1795 2120 1955 2159 grava-

399 2180 538 2227 mina,
571 2180 720 2236 siqua
746 2182 865 2221 sunt.
893 2178 1008 2221 facta.
1029 2177 1119 2219 fide
1166 2177 1378 2233 primitus
1414 2178 1469 2220 de
1497 2178 1674 2220 eisdem
1703 2178 1953 2221 concultius

399 2264 625 2298 revocare,
657 2253 701 2292 et
727 2250 915 2304 insuper
941 2249 1112 2292 vocatis
1140 2249 1217 2304 qui
1239 2248 1419 2291 fuerunt
1440 2249 1673 2295 evocandi:

455 2323 508 2364 Et
535 2336 582 2365 se
611 2322 748 2364 etiam
777 2320 977 2364 offerunt
1003 2333 1156 2363 eorum
1187 2320 1494 2371 allogationes.
1544 2320 1756 2369 rationes,
1788 2321 1954 2375 proba-

400 2393 560 2441 tiones.
588 2392 894 2435 deffensiones
916 2391 1154 2434 admittere
1175 2404 1198 2433 a
1222 2390 1352 2433 dictis
1373 2390 1707 2445 appellantibus
1728 2395 1948 2446 quantum

399 2465 452 2506 ad
483 2463 684 2506 officinm
738 2463 938 2517 ipsorum
993 2462 1279 2504 dominorum
1330 2461 1491 2515 judicis
1518 2464 1561 2504 et
1588 2462 1728 2518 bajuli
1757 2463 1949 2517 pertinet

399 2535 469 2576 vel
498 2535 663 2590 poterit
689 2534 930 2589 pertinere:

454 2601 758 2648 Concedentes
785 2604 939 2646 omnia
984 2604 1243 2658 supradicta
1270 2617 1348 2656 pro
1399 2603 1614 2657 apostolis
1641 2603 1728 2657 jam
1780 2604 1944 2658 petitis:

395 2690 484 2719 non
504 2676 615 2718 alias
642 2675 805 2717 dictam
835 2675 1182 2729 appellationem
1235 2674 1526 2716 admittentes
1548 2675 1621 2716 vel
1663 2675 1943 2731 recipientes.

396 2746 478 2789 nisi
513 2746 769 2801 quathenus
796 2731 1051 2787 sanctiones
1078 2745 1277 2800 legitime
1307 2743 1558 2800 patiuntur.
