1991 3279
972 319 1223 363 —840—

320 425 598 468 hominibus.
617 426 722 469 (alieti
741 425 919 481 bajulus
947 429 991 469 et
1015 427 1155 482 judex
1183 441 1264 482 per
1291 441 1338 470 se
1367 441 1578 470 revocare
1602 432 1811 483 poterant
1837 432 1883 472 et

319 497 559 544 debebant,
578 510 696 541 enm.
716 501 765 539 ut
780 511 833 539 ea
849 502 1126 545 revocarent,
1148 499 1370 541 instanter
1392 513 1471 554 per
1498 499 1640 541 dictos
1662 499 1879 555 syndicos

319 570 361 609 et
389 568 524 609 etiam
558 582 634 622 per
683 568 851 610 dietum
881 569 1120 611 dominum
1170 573 1391 612 rectorem
1441 570 1608 613 fuerint
1651 571 1872 626 requisiti,

321 643 450 694 prout
478 640 590 681 fiiles
621 640 717 682 fieri
746 640 910 695 poterit
938 655 1016 696 per
1054 641 1236 696 publica
1263 641 1578 689 instrumenta;
1633 641 1718 697 ipsi
1770 655 1877 685 vero

320 711 598 763 negligentes
621 715 663 752 et
692 712 872 753 desides
894 726 947 753 ea
976 712 1163 754 minime
1191 726 1405 755 revocare
1433 713 1693 755 voluerunt,

379 783 562 837 Propter
589 797 690 837 qne.
726 783 768 824 in
791 786 835 825 et
860 784 916 825 ob
938 783 1183 826 deffectunl
1219 797 1392 829 eorum,
1431 784 1576 826 (lictus
1628 787 1774 826 rector
1801 798 1878 840 po-

319 854 401 895 tuit
431 868 652 895 revocare.
689 857 903 909 tanquam
935 855 1137 910 proxime
1160 856 1384 910 superior,
1416 869 1517 896 run]
1559 855 1731 898 dietum
1783 869 1876 898 cas—

320 929 436 967 trum
465 925 519 966 sit
548 928 591 966 et
613 940 711 967 esse
740 926 903 967 debeat
932 926 974 967 in
1015 929 1058 968 et
1103 927 1187 968 sub
1240 927 1427 969 rectoria
1478 930 1522 968 et
1570 925 1877 981 jurisdictione

316 995 423 1037 dicit
450 996 634 1037 rectoris
664 996 940 1038 inl-inediam.
974 1000 1189 1052 tanquam
1211 997 1466 1039 ordinarius
1495 1010 1574 1051 per
1600 1011 1647 1038 se
1688 1010 1767 1039 seu
1819 1010 1876 1040 ex

318 1081 398 1109 suo
425 1067 590 1113 officio,
625 1068 692 1108 vel
723 1068 872 1109 saltim
904 1068 1145 1123 requisitus
1191 1068 1368 1123 avdictis
1391 1068 1589 1114 sindieis‚
1636 1070 1875 1123 postquam

316 1139 356 1180 ei
384 1138 582 1181 constitit
608 1140 663 1180 ‹le
690 1139 821 1180 dietis
861 1139 1220 1192 gravaminibus,
1276 1139 1510 1187 molestiis,
1563 1153 1616 1181 ea
1665 1152 1876 1182 revocare

318 1210 476 1265 potuit,
503 1213 548 1252 et
573 1211 711 1252 etiam
739 1211 911 1253 debuit:

375 1282 441 1323 Ad
470 1295 557 1336 que
585 1281 722 1323 etiam
744 1282 896 1324 dieunt
920 1286 963 1324 et
986 1285 1244 1337 proponunt
1264 1282 1423 1324 sindiei
1454 1282 1705 1329 memorati,
1755 1282 1876 1336 quod

313 1357 509 1395 castrum
532 1353 587 1394 de-
609 1353 811 1394 Cornone
839 1366 941 1394 eum
969 1354 1062 1395 suis
1108 1354 1398 1408 pertinenciis
1427 1356 1494 1395 est
1521 1354 1605 1395 sub
1627 1357 1671 1395 et
1698 1353 1754 1395 de
1782 1352 1875 1395 feu·
1927 1373 1929 1375 ·

314 1426 370 1466 de
398 1425 535 1479 regio7
566 1425 742 1479 etquod
773 1438 799 1466 a
826 1425 944 1467 dicto
973 1425 1156 1467 domino
1185 1439 1286 1480 rege
1319 1428 1495 1467 tenetur
1521 1425 1671 1467 saltim
1696 1424 1877 1466 defaeto

314 1496 376 1538 ita
402 1497 519 1551 quod
561 1510 587 1538 a
614 1497 736 1537 nullo
763 1496 851 1538 alio
881 1497 1018 1538 teneri
1047 1497 1195 1544 debet,
1227 1510 1330 1538 eum
1358 1496 1415 1538 sit
1442 1496 1558 1538 infra
1584 1510 1773 1551 regnum
1795 1508 1875 1539 sen

316 1572 479 1609 terram
507 1567 611 1609 dieti
633 1567 805 1609 domini
833 1568 963 1621 regis;
996 1572 1040 1610 et
1065 1568 1185 1623 quod
1215 1568 1278 1609 illi
1318 1568 1395 1624 qni
1418 1568 1561 1615 illum,
1594 1568 1875 1623 temporibus

311 1638 557 1685 retroactis,
591 1642 846 1687 tonuerunt,
875 1639 1135 1681 fatebantur
1156 1642 1197 1681 et
1228 1640 1403 1694 publice
1431 1639 1654 1690 (licebant,
1706 1643 1796 1682 tam
1832 1640 1876 1682 in

311 1711 429 1751 dieto
445 1713 590 1752 eastre
619 1724 755 1764 qnam
778 1710 900 1755 alibi,
927 1711 1045 1765 quod
1077 1711 1246 1752 dictum
1274 1714 1473 1753 castrum
1505 1711 1736 1758 tenebant,
1793 1724 1872 1754 seu

314 1782 551 1824 tenebatur
577 1782 621 1822 in
659 1782 841 1823 feudum
871 1795 898 1823 a
924 1782 1042 1823 dieto
1080 1782 1263 1824 domino
1293 1796 1408 1836 rege⁷
1440 1782 1503 1824 ita
1528 1782 1647 1838 quod
1678 1795 1767 1824 non
1817 1783 1875 1825 ab

311 1853 398 1894 alio
426 1865 672 1908 quoquaim
690 1866 772 1893 nee
799 1853 1178 1907 recognoscebant
1205 1852 1497 1895 dominidieti
1525 1852 1660 1895 castri
1675 1853 1875 1908 superio-

310 1937 408 1965 rem
435 1924 633 1978 aliquem
662 1924 844 1971 habere,
880 1927 1166 1979 preterquam
1195 1924 1366 1966 dietum
1395 1923 1633 1966 [lominum
1671 1937 1840 1979 regem;

370 1996 421 2037 Et
441 1995 562 2050 quod
590 1995 627 2036 si
653 1995 904 2050 reperiatur
930 1996 1051 2051 quod
1091 1995 1334 2052 qnisquam
1368 2009 1449 2037 seu
1472 1995 1634 2052 valiqui
1660 2009 1872 2050 recogno-

311 2066 427 2108 verit
455 2080 532 2108 seu
563 2067 904 2121 recognoverint
950 2080 996 2108 se
1021 2070 1171 2109 tenere
1213 2067 1384 2109 dictum
1412 2069 1611 2109 castrum
1640 2067 1697 2109 ab
1724 2067 1875 2123 aliquo

313 2151 392 2179 seu
438 2139 495 2179 ab
522 2137 766 2192 aliquibus,
818 2142 1107 2193 preterquam
1135 2151 1161 2181 a
1199 2139 1384 2180 domino
1412 2151 1531 2193 rege,
1585 2138 1707 2194 quod
1759 2138 1877 2180 dieta

314 2209 557 2263 recognitio
584 2208 703 2251 faeta
718 2209 802 2251 fuit
823 2209 970 2251 solum
993 2210 1048 2251 de
1072 2209 1188 2252 facto
1209 2223 1235 2252 a
1256 2209 1586 2264 quinquaginta
1600 2209 1732 2252 annis
1747 2209 1871 2256 eitra,

314 2283 392 2322 aut
418 2295 445 2322 a
465 2281 538 2322 XL
564 2280 689 2327 eitra,
715 2283 792 2323 aut
813 2281 992 2322 XXXVI
1016 2280 1117 2335 (sic)
1145 2281 1277 2324 annis
1305 2281 1430 2329 citra;
1474 2294 1564 2323 non
1618 2281 1761 2323 tenuit
1792 2294 1874 2323 nec

316 2351 458 2393 valuit
480 2352 525 2392 in
554 2351 852 2406 prejudicium
876 2352 981 2393 dicti
999 2352 1169 2394 domini
1197 2352 1316 2406 regis
1339 2365 1420 2394 nee
1429 2351 1753 2406 jurisdictionis
1774 2365 1870 2400 sue,

314 2422 369 2463 de
405 2422 571 2478 quibus
598 2423 753 2464 dieunt
780 2422 874 2465 fore
901 2422 1073 2466 faniam
1101 2423 1330 2479 publicam
1355 2426 1445 2466 tam
1474 2423 1519 2465 in
1564 2423 1682 2466 dieto
1727 2426 1872 2466 castro

312 2506 452 2549 quam
480 2493 602 2535 alibi.

372 2564 561 2619 Propter
583 2578 669 2619 que
692 2568 735 2607 et
756 2565 845 2608 alia
865 2566 1056 2608 dicenda
1076 2569 1120 2608 et
1143 2566 1450 2621 proponenda,
1476 2566 1597 2622 quod
1619 2565 1657 2608 si
1691 2578 1874 2608 neeesse

314 2634 448 2676 fuerit
500 2636 568 2677 vel
598 2636 737 2678 etiam
782 2637 1077 2692 opportuerit,
1126 2637 1231 2679 dieti
1278 2637 1453 2684 sindici,
1484 2637 1755 2692 inquantum
1809 2636 1875 2679 eis

315 2705 513 2747 sufficiat
558 2709 601 2748 et
632 2710 763 2762 prout
792 2710 1018 2763 poterunt„
1074 2721 1121 2750 se
1147 2708 1348 2750 offerunt
1374 2709 1642 2763 probaturos
1694 2707 1802 2750 loeis
1830 2709 1874 2748 et

315 2777 596 2831 temporibus
636 2779 918 2833 opportunis9
969 2782 1011 2821 et
1039 2782 1219 2821 servato
1269 2778 1380 2834 juris
1426 2779 1597 2827 ordine,
1646 2781 1780 2834 prout
1829 2780 1874 2820 et

312 2848 584 2903 inquantum
607 2849 723 2891 (licta
747 2849 933 2905 requirit-
955 2853 1167 2905 tanqnam
1192 2863 1358 2905 magna
1378 2853 1423 2892 et
1441 2850 1584 2892 ardua
1604 2852 1649 2892 et
1666 2849 1738 2904 jus
1760 2849 1874 2903 regi-

311 2915 621 2973 um'tangens.
656 2920 903 2974 postulant.
930 2924 974 2963 et
995 2921 1231 2975 requirunt
1258 2923 1301 2962 et
1323 2923 1484 2975 petunt
1534 2921 1633 2968 hoe,
1659 2919 1874 2962 instantia

311 2992 480 3043 quanta
508 2993 711 3044 possunt.
745 2994 793 3031 ut
820 3005 918 3039 vos,
951 2992 1095 3034 dietus
1136 2992 1349 3034 dominus
1370 2991 1523 3046 Judex,
1551 2991 1669 3034 facta
1689 2993 1734 3032 in
1778 3003 1877 3046 pre-
