2164 3575
494 436 539 478 9ἱί
585 449 696 478 vero·
732 431 978 491 corporalis
1022 434 1248 476 sententia
1284 433 1332 475 in
1376 432 1683 488 pecuniariam
1724 431 1992 478 mutaretur,

432 507 642 551 domiuus
670 508 908 562 episcopus
936 508 979 548 et
1005 518 1158 548 comes
1186 504 1351 547 habeat
1396 503 1681 545 medietatem
1715 501 1835 544 illius
1862 512 2023 556 pecus

431 579 519 625 nie‚
569 581 614 620 et
639 577 882 620 vestiarius
935 577 1100 619 habeat
1120 575 1257 618 aliam
1311 575 1619 617 medietatem.
1652 574 1719 622 Et,
1750 572 1788 615 si
1816 583 1999 628 posses-

434 649 584 692 siones
606 648 795 704 predicti
817 648 935 703 capti
957 647 1048 690 sint
1068 646 1113 688 in
1136 645 1340 688 dominio
1362 648 1405 688 et
1420 645 1624 687 districtu
1646 643 1752 686 dicti
1773 635 1995 690 vestiarii,

432 720 555 777 quod
583 720 699 761 dicte
728 718 1060 774 possessiones.
1093 717 1130 759 si
1175 717 1321 758 dictus
1348 719 1507 772 captus
1546 715 1684 757 fuerit
1709 727 1792 770 per
1819 716 1999 756 senten-

432 791 544 833 tiam
590 790 969 844 condempnatus,
1001 788 1091 830 sint
1135 787 1377 830 commisse
1415 786 1521 829 dicti
1548 785 1767 828 vestiarii.
1795 784 1845 827 Si
1890 798 2001 827 vero

438 861 555 903 dicte
601 860 910 915 possessiones
937 858 1126 914 predicti
1153 858 1272 913 capti
1300 858 1391 900 sint
1417 857 1463 898 in
1491 856 1692 899 dominio
1719 859 1763 899 et
1793 855 2002 898 districtu

432 931 622 988 predicti
650 930 823 973 domini
850 929 1050 985 episcopi
1078 932 1121 972 et
1148 928 1341 977 comitis,
1373 928 1490 984 quod
1521 928 1637 969 dicte
1664 926 1996 982 possessiones,

437 1003 473 1045 si
498 1003 643 1045 dictus
680 1004 838 1057 captus
884 1000 1020 1042 fuerit
1048 1014 1128 1055 per
1172 999 1445 1042 senientiam
1490 999 1866 1052 condempnatus,
1915 997 2006 1040 sint

434 1073 675 1117 commisse
704 1072 894 1128 predicti
921 1071 1094 1113 domini
1123 1070 1324 1126 episcopi
1352 1073 1397 1111 et
1423 1069 1616 1111 comitis,

500 1145 612 1187 Item
658 1143 912 1189 voluerunt,
946 1140 1361 1197 pronunciaverunt
1389 1143 1433 1182 ct
1453 1140 1668 1181 dixerunt
1693 1140 1814 1195 quod
1859 1140 2005 1182 dictus

438 1214 681 1258 vestiarius
708 1214 875 1256 habeat
900 1213 1041 1255 libere
1066 1215 1109 1253 et
1137 1211 1303 1266 quiete.
1336 1206 1380 1252 et
1406 1211 1573 1253 habere
1603 1211 1782 1258 debeat,
1832 1210 1880 1252 in
1907 1224 2010 1266 pre-

443 1286 573 1327 dictis
601 1285 723 1327 locis.
756 1283 877 1325 villis
905 1286 946 1325 et
976 1282 1162 1325 mansis.
1190 1282 1387 1324 minores
1413 1281 1629 1336 justicias.
1657 1281 1826 1323 scilicet
1847 1294 2009 1324 omne-s

444 1357 556 1399 alias
584 1358 734 1411 preter
760 1355 1003 1410 predictas.
1084 1344 1089 1347 Α

502 1427 754 1469 Voluerunt
780 1425 972 1468 etiam...
998 1427 1042 1466 et
1068 1424 1539 1479 pronunciaverunt„
1570 1424 1760 1479 predicti
1787 1425 2006 1467 arbitri...

446 1498 568 1554 quod
590 1497 736 1539 dictus
757 1495 1000 1538 vestiarius
1028 1498 1073 1537 et
1099 1495 1169 1537 sui
1215 1508 1495 1554 successores
1517 1495 1715 1537 habeant
1741 1498 1785 1538 et
1830 1499 2013 1539 teneant

445 1569 493 1611 in
519 1568 709 1610 feudum
736 1580 763 1609 a
789 1566 975 1608 domino
1002 1565 1213 1621 episcopo
1242 1566 1516 1621 supradicto,
1548 1569 1591 1608 ct
1617 1579 1644 1608 a
1671 1566 1765 1609 suis
1787 1580 2015 1610 successo-

444 1639 585 1688 ribus,
617 1638 859 1681 comitibus
887 1640 931 1680 et
957 1636 1154 1679 dominis
1181 1626 1550 1679 Montisferrandi
1595 1640 1639 1679 et
1664 1637 1884 1692 Melgorii,
1916 1652 2015 1694 prc—

447 1711 589 1752 dictas
616 1709 834 1765 justicias,
879 1711 923 1750 et
949 1708 1166 1763 quicquid
1194 1707 1318 1750 aliud
1345 1707 1468 1749 idem
1513 1708 1756 1751 vestiarius
1795 1709 1933 1753 hahet
1971 1715 2016 1754 et

447 1783 585 1829 tenet,
611 1794 691 1823 seu
713 1780 789 1822 alii
810 1780 981 1822 habent
1002 1781 1045 1821 et
1067 1781 1224 1820 tenent
1250 1779 1307 1820 ab
1335 1779 1433 1833 ipso
1466 1780 1696 1829 vestiario,
1727 1780 1774 1821 in
1795 1782 2012 1836 predictis

447 1852 571 1899 locis,
602 1851 724 1893 villis
752 1853 796 1893 et
822 1850 1012 1893 mansis.
1045 1852 1088 1892 et
1114 1850 1216 1904 ipsa
1242 1849 1379 1892 etiam
1407 1850 1518 1892 loca.
1561 1851 1693 1893 villas
1722 1854 1766 1893 et
1811 1859 2011 1903 mansos;

448 1927 492 1965 et
518 1923 641 1979 quod
667 1936 748 1977 pro
799 1921 898 1964 istis
925 1921 1090 1963 debeat
1140 1934 1240 1963 esse
1267 1920 1432 1969 fidelis,
1464 1924 1508 1963 et
1542 1912 1692 1976 jurare
1744 1922 2018 1968 fidelitatem

453 1997 664 2036 teneatur
690 1993 808 2035 dicto
836 1992 1022 2034 domino
1074 1992 1300 2046 episcopo,
1331 1991 1516 2033 domino
1543 1996 1588 2034 et
1613 1994 1764 2036 comiti
1815 1996 2019 2052 Melgorii

454 2068 498 2108 et
548 2063 928 2110 Montisferrandi,
960 2065 1001 2104 et
1053 2062 1207 2104 omnia
1249 2076 1336 2117 que
1386 2062 1431 2103 in
1481 2063 1736 2118 juramento
1790 2067 2020 2114 fidelitatis

454 2136 758 2182 continentur,
784 2137 827 2176 et
848 2135 903 2175 de
926 2133 1138 2188 predictis
1161 2133 1295 2175 faciat
1314 2135 1671 2189 recoguicioncin
1700 2139 1853 2180 statim
1875 2141 2020 2185 dictus

454 2206 714 2254 vestiarius,
746 2208 789 2247 et
816 2205 961 2247 faeere
989 2206 1229 2246 teneantur
1254 2204 1350 2259 ejus
1379 2218 1674 2251 successores.
1706 2222 1808 2251 cuni
1854 2211 2022 2257 suerint

453 2277 674 2334 requisiti,
719 2276 1003 2318 mutantibus
1031 2275 1228 2317 dominis
1256 2275 1359 2317 hinc
1386 2279 1425 2317 cl
1459 2277 1576 2318 inde.

462 2344 470 2349 ’
515 2350 568 2391 Et
595 2348 657 2390 sic
685 2346 970 2388 diffinierunt
1010 2346 1115 2387 dicti
1144 2345 1354 2388 arbitri.,.
1411 2348 1635 2401 predictas
1663 2353 1924 2405 questiones
1976 2355 2022 2398 in

458 2420 647 2462 modum
700 2417 909 2473 superius
951 2430 1235 2472 expressum,
1291 2418 1496 2459 volentes
1525 2421 1566 2460 el
1619 2424 1882 2473 statuentes,
1937 2428 2024 2469 sub

460 2503 577 2546 pena
626 2488 833 2544 superius
860 2487 1049 2543 adjecta,
1106 2487 1224 2543 quod
1255 2490 1445 2543 ulra'plc
1472 2503 1591 2544 pars,
1624 2492 1679 2534 de
1730 2495 1941 2548 predictis
1981 2502 2026 2541 et

459 2574 596 2616 super
622 2559 851 2615 predictis,
883 2559 1047 2600 habeat
1075 2562 1120 2601 et
1145 2561 1299 2600 teneat
1325 2558 1373 2601 Se
1399 2563 1674 2604 contentam.

523 2630 617 2682 Que
644 2630 796 2671 omnia
848 2633 887 2671 ct
919 2629 1095 2683 singula
1125 2632 1313 2684 utraque
1366 2644 1469 2684 pars
1515 2631 1731 2681 laudavit,
1764 2637 2021 2689 ratificavil,

461 2700 745 2757 approbavit.
778 2703 819 2741 et
847 2700 1089 2742 observare
1117 2702 1160 2740 ct
1189 2702 1339 2741 tencre.
1382 2701 1605 2754 promisit.

522 2772 576 2814 Et
602 2771 755 2813 statim
782 2770 1010 2826 predictus
1038 2770 1280 2811 vestiarius
1311 2770 1408 2812 fecii
1464 2773 1660 2826 prmiicio
1689 2776 1874 2821 domino
1910 2783 2028 2836 cpis-

463 2857 574 2899 copo
600 2841 955 2896 recogniciorwm
987 2841 1028 2881 in
1061 2840 1244 2881 modum
1277 2841 1627 2896 infrascriptum:

529 2985 634 3039 Ego,
667 2984 949 3025 Raunumlus
1002 2983 1188 3041 Alberti.
1222 2982 1460 3024 vestim-ius
1513 2985 1856 3040 Magalouonsis.
1909 2998 2029 3050 prior
