2107 3404
6 499 19 506 a

735 249 987 299 4-327—

143 354 197 399 Et
221 355 344 412 quod
369 356 467 414 ipse
493 357 542 401 B.
572 361 618 402 et
651 359 1030 409 suisuccessores
1078 363 1249 409 habent
1286 370 1330 410 et
1374 367 1546 425 habere
1567 371 1644 416 de-

81 425 192 469 bent
215 425 353 470 aliam
381 420 672 473 medietatem
705 433 883 476 tantum
928 434 1044 479 dicte
1094 435 1415 482 dominationis
1442 443 1485 482 et
1511 441 1643 497 plene

79 493 418 550 jurisdictionis,
437 497 485 541 in
511 502 604 543 tota
628 501 748 544 dicta
767 503 875 546 villa
900 504 955 547 de
977 505 1198 550 Grabellis
1224 507 1341 551 infra
1366 512 1411 552 et
1436 514 1579 561 extra,
1600 516 1645 556 et

80 561 129 607 in
151 569 242 610 toto
254 566 360 623 ,ejus
383 569 618 620 territorio,
641 574 685 614 et
710 572 756 614 in
783 577 876 617 tota
895 574 992 630 ejus
1012 576 1320 621 dominatione
1348 582 1393 622 et
1418 580 1639 631 districtu,

81 637 363 681 evomnibus
390 640 484 682 suis
511 642 810 696 pertinentiis;

138 705 282 758 Quam
321 710 611 760 medietatem
633 712 893 764 indivisam,
924 719 968 759 et
993 718 1147 761 omnia
1167 722 1212 762 et
1231 719 1409 776 singula
1433 711 1521 779 que
1541 722 1639 778 ipse

79 774 129 840 13,
158 779 310 830 habet,
340 783 463 824 tenet
489 785 534 824 et
558 784 761 838 possidet
785 785 833 828 in
861 789 953 830 tota
979 788 1098 831 dicta
1124 789 1247 838 villa,
1278 791 1397 835 infra
1422 794 1466 834 et
1492 796 1634 842 extra,

78 852 125 892 et
148 849 196 892 in
222 852 314 893 toto
340 850 438 907 ejus
461 854 700 903 territorio,
731 859 776 898 et
801 856 846 898 in
875 860 968 900 tota
994 858 1093 914 ejus
1144 860 1453 906 dominatione
1481 867 1525 906 et
1550 864 1642 907 dis-

77 921 224 970 trictu,
249 927 438 978 excepto
460 923 594 980 podio
615 925 671 967 de
691 927 1054 977 Monterotundo‚
1079 930 1230 980 habet,
1261 936 1306 975 et
1326 935 1447 975 tenet
1474 936 1516 975 et
1536 947 1640 989 pos-

78 991 194 1036 sidet
221 1008 301 1050 pro
326 994 462 1038 feudo
490 999 535 1038 et
560 997 606 1039 in
646 998 796 1046 feudo.
828 998 947 1042 dicto
997 999 1183 1044 domino
1234 1004 1447 1047 vestiario
1473 1007 1516 1045 et
1543 1007 1638 1049 suis

77 1066 427 1121 successoribus,
457 1070 502 1110 et
528 1069 612 1111 sub
641 1069 738 1125 ejus
782 1073 825 1112 et
871 1084 1058 1114 suorum
1103 1086 1415 1118 successorum
1466 1075 1636 1119 directo

76 1135 293 1185 dominio,
323 1139 368 1180 et
387 1133 473 1181 sub
518 1140 688 1183 usatico
715 1140 811 1182 sive
837 1154 975 1184 censu
1021 1142 1243 1186 dictorum
1289 1145 1530 1189 duodecim
1557 1148 1636 1190 de-

75 1210 304 1253 nariorum
332 1210 718 1265 melgoriensium,
743 1211 997 1255 dandorum
1024 1217 1068 1256 et
1094 1215 1418 1259 solvendorum
1446 1217 1634 1273 singulis

74 1281 206 1324 annis
234 1281 278 1323 in
305 1281 419 1324 festo
458 1282 600 1325 saneti
621 1282 867 1330 Michaelis,
894 1283 1011 1326 dicto
1032 1285 1216 1328 domino
1239 1287 1451 1330 vestiario
1473 1291 1517 1330 et
1538 1289 1652 1331 suis>

4 1390 11 1398 ,
73 1352 424 1399 successorihus,
456 1353 591 1394 modo
618 1355 663 1395 et
682 1351 828 1395 forma
853 1355 1062 1409 superius
1089 1357 1330 1412 expressis.

131 1425 244 1467 Item
264 1423 410 1466 dictus
430 1423 478 1465 B.
511 1425 653 1466 totum
679 1422 750 1478 jus
779 1424 1064 1479 proprietatis
1091 1428 1136 1468 et
1162 1428 1480 1482 possessionis,
1506 1430 1631 1485 quod

7 1521 14 1526 -
71 1494 170 1551 ipse
197 1497 242 1538 et
289 1494 361 1537 sui
387 1506 668 1537 successores
713 1493 883 1536 habent
909 1497 953 1537 et
1002 1495 1169 1538 habere
1197 1501 1387 1552 possunt
1413 1499 1458 1540 in
1515 1499 1633 1541 dIcto

9 1597 15 1602 -
70 1566 220 1614 furno,
250 1566 307 1608 de
332 1578 424 1622 quo
444 1564 654 1620 superius
682 1563 799 1607 facta
818 1567 886 1608 est
908 1565 1092 1615 mentio,
1123 1567 1294 1610 ratione
1322 1568 1626 1625 proprietatis.

58 1636 389 1694 possessionis,
419 1637 464 1678 et
489 1634 579 1677 alia
621 1648 910 1692 quacumque
956 1636 1129 1679 ratione
1157 1640 1201 1679 et
1226 1651 1377 1687 causa,
1407 1639 1525 1682 dicto
1553 1640 1631 1682 do-

70 1708 196 1751 mino
234 1705 448 1750 vestiario
475 1708 520 1748 et
545 1705 639 1748 suis
665 1706 814 1754 cessit,
846 1706 985 1755 dedit,
1017 1707 1154 1750 solvit
1174 1711 1218 1751 et
1262 1710 1440 1753 remisit
1464 1710 1631 1766 imper-

70 1782 276 1836 petuum,
307 1777 411 1819 inde
452 1789 500 1819 se
528 1774 572 1818 e‘t
598 1789 704 1819 suos
748 1768 1073 1826 disvestiendo,
1123 1781 1168 1821 et
1193 1779 1365 1822 dictum
1392 1781 1627 1824 dominum

5 1875 20 1901 ·.
70 1849 335 1894 vestiarium
363 1850 417 1891 61
433 1847 530 1903 ejus
557 1860 838 1890 successores
859 1848 1161 1898 investiendo,
1191 1852 1236 1891 et
1262 1864 1393 1893 veros
1421 1851 1629 1894 dominos

1 1900 25 1946 ἷ-
69 1934 122 1964 ac
145 1923 291 1963 certos
317 1919 365 1961 in
385 1931 482 1961 rem
511 1931 641 1961 suam
670 1921 981 1974 procuratores
1009 1932 1108 1962 esse
1136 1920 1278 1963 voluit
1303 1923 1347 1964 61
1375 1922 1624 1964 mandavit.

83 2033 88 2037 ,
127 1991 240 2034 Item
262 1991 575 2032 convenerunt
599 1988 746 2031 dictus
790 1989 1003 2031 dominus
1031 1990 1272 2033 vestiarius
1293 1994 1338 2034 et
1381 1992 1527 2034 dictus
1556 1993 1624 2041 B.,

69 2061 191 2118 quod
210 2059 366 2103 omnia
408 2061 453 2101 et
479 2059 659 2114 singula
685 2059 1004 2107 instrumenta,
1030 2059 1148 2102 inter
1172 2075 1249 2103 eos
1270 2064 1315 2103 et
1341 2075 1499 2104 eorum
1528 2054 1629 2119 pre-

69 2131 328 2174 decessores
355 2129 486 2177 facta,
542 2130 714 2172 ratione
742 2130 1085 2184 premissorum,
1134 2131 1223 2173 sint
1262 2132 1400 2180 nulla,
1432 2133 1558 2176 irrita
1583 2136 1628 2175 et

66 2215 209 2250 cassa,
240 2204 284 2245 et
309 2201 478 2243 nullius
505 2201 724 2243 momenti
751 2214 851 2243 esse
878 2201 1133 2249 voluerunt,
1165 2205 1208 2243 et
1234 2203 1291 2244 ab
1317 2204 1440 2246 omni
1475 2203 1627 2246 effica-

0 2303 37 2331 2<
66 2273 134 2316 cia
160 2273 340 2328 penitus
360 2272 679 2319 destituantur,
710 2271 809 2326 ipso
836 2272 1036 2326 presenti
1064 2272 1378 2321 instrumento,
1411 2276 1454 2315 et
1480 2275 1626 2316 omni-

27 2328 150 2396 {hus
178 2346 223 2386 et
249 2342 441 2397 singulis
470 2342 518 2384 in
545 2355 596 2384 eo
623 2341 863 2389 contentiS,
896 2341 989 2383 vim
1018 2344 1059 2383 et
1100 2342 1300 2384 validam
1353 2343 1523 2385 roboris
1551 2343 1623 2386 sir-

23 2462 42 2469 „
63 2413 272 2456 mitatem
298 2412 643 2469 obtinentibus

125 2485 178 2527 Et
203 2485 350 2527 dictus
371 2483 584 2525 dominus
613 2483 854 2525 vestiarius
883 2483 1095 2525 convenit
1121 2486 1166 2526 et
1189 2484 1409 2539 promisit
1428 2484 1546 2527 dicto
1572 2485 1620 2527 B.

64 2555 303 2597 'domicello
324 2567 372 2596 se
394 2553 618 2596 facturum
634 2556 678 2595 ct
696 2556 972 2601 curaturum,
994 2555 1116 2609 quod
1142 2554 1355 2597 dominus
1383 2555 1621 2610 episeopus

39 2628 112 2683 ’,61
136 2625 351 2668 dominus
401 2624 659 2682 prepositus
710 2623 903 2667 Ecclesie
930 2621 1305 2679 Magalonensisq
1336 2628 1380 2667 et
1429 2626 1622 2681 quisque

55 2701 237 2743 eorum,
267 2695 515 2750 prescripta
540 2694 695 2737 omnia
720 2698 764 2737 et
790 2695 971 2749 singula
995 2695 1261 2743 laudabunt,
1282 2696 1616 2750 approbabunt,

21 2750 108 2817 fiet
126 2765 433 2813 ratificabunt,
458 2767 502 2807 et
522 2778 656 2824 suum
683 2777 922 2807 assensum
944 2768 988 2807 et
1013 2765 1327 2808 auctor-itatem
1351 2767 1622 2820 prestabunt

21 2811 108 2885 {et
131 2847 367 2892 nunquam
391 2829 746 2883 contravenient,

38 2891 66 2963 4²
121 2904 215 2956 Que
229 2906 384 2949 omnia
398 2908 443 2948 et
456 2906 635 2960 singula
650 2906 958 2961 suprascripta
972 2909 1187 2949 eteorum
1207 2906 1456 2961 quodlibet.
1475 2906 1618 2945 ‹iit-tais

24 2995 71 3075 νὴ
