2107 3404
763 179 818 216 “-
847 183 1014 229 325—

282 253 315 286 ¹1·

107 292 448 335 sacramentum
477 289 710 334 fidelitatis
734 290 780 333 in
807 289 928 334 dicta
952 279 1063 335 villa
1082 289 1139 335 de
1164 290 1387 335 Grabellis
1412 300 1562 334 coram
1588 304 1667 348 po·

59 354 62 358 ’
108 361 232 417 pulo,
261 361 446 419 quando
466 361 524 404 ab
550 361 650 417 ipso
675 361 861 404 domino
881 361 1098 405 vestiario
1125 364 1172 405 et
1198 361 1293 406 suis
1332 361 1667 404 successoribus

109 430 206 488 ipse
234 431 510 482 Bertrandps
537 434 581 474 et
607 431 679 474 sui
704 444 986 475 successores
1012 432 1180 475 fuerint
1205 431 1424 487 requisiti.

170 501 283 544 Item
309 504 619 544 convenerunt
662 501 783 558 quod
834 501 979 545 dictus
1006 501 1056 546 B.
1084 502 1141 544 de
1166 500 1502 558 Valhauquesio
1528 504 1572 544 et
1598 501 1668 544 sui

67 609 71 613 .
107 584 386 614 successores
436 572 525 635 sint
551 571 679 613 liberi
706 574 750 613 et
799 572 1010 621 absoluti;
1041 575 1085 614 et
1107 572 1262 615 omnia
1311 575 1357 615 et
1377 571 1557 626 singula
1576 584 1665 628 que

24 678 29 683 .
107 641 230 684 idem
256 639 528 684 Bertrandus
556 641 838 685 -domicellus
887 642 1041 690 habet,
1084 646 1129 685 et
1177 645 1300 685 tenet
1325 645 1370 685 et
1394 641 1596 699 possidet
1620 641 1667 682 in

109 714 200 754 tota
225 712 345 755 dicta
369 712 479 754 villa
504 712 559 754 de
600 711 837 758 Grabellis,
899 712 1018 755 inira
1044 716 1088 756 et
1114 715 1257 760 extra,
1289 715 1333 755 et
1359 712 1406 754 in
1455 711 1668 757 omnibus

107 781 202 824 suis
227 781 510 837 pertinentiis
530 782 621 825 sint
671 781 814 824 libera
865 786 910 824 et
935 783 1158 831 absoluta,
1214 782 1428 826 sciliceta
1453 781 1667 839 petitione

107 864 246 908 quam
273 852 359 894 sibi
376 898 382 903 ,
398 851 592 895 faciebat
618 852 764 894 dictus
791 852 1004 894 dominus
1032 853 1272 895 vestiarius
1299 852 1503 908 albergui
1528 852 1668 894 dicto-

107 935 210 964 rum
236 922 394 965 decem
422 922 621 971 militum
648 925 693 964 et
718 922 916 964 duorum
943 922 1243 965 sextariorum
1272 922 1395 965 bladi
1440 921 1669 964 mitadenc

106 984 152 1034 et
177 992 234 1035 de
259 992 385 1035 omni
432 992 703 1039 incursione,
730 995 775 1034 et
800 992 856 1035 de
901 993 1114 1035 omnibus
1141 992 1241 1035 aliis
1267 1000 1356 1049 que
1406 993 1464 1034 ab
1490 992 1589 1048 ipso
1616 992 1663 1034 B.

107 1062 360 1111 domicello,
390 1063 500 1105 etin
527 1063 645 1105 dicto
674 1062 809 1105 feudo
834 1062 956 1104 idem
983 1062 1197 1106 dominus
1250 1062 1489 1106 vestiarius
1516 1065 1667 1118 petere

105 1135 297 1188 mterah
327 1146 472 1189 usque
499 1133 546 1175 in
573 1133 691 1175 hunc
731 1133 867 1179 diem.
912 1133 1083 1176 ratione
1128 1133 1351 1175 dictarum
1378 1133 1663 1188 petitionum.

46 1200 53 1208 ’
108 1203 247 1246 salvis
275 1206 427 1246 tamen
453 1207 497 1246 et
523 1203 710 1246 retentis
754 1195 1040 1246 omniBus'et
1067 1203 1257 1258 singulis
1303 1203 1512 1259 superius
1533 1206 1576 1246 et
1602 1203 1669 1245 in·

105 1273 246 1316 terius
272 1274 507 1316 ordinatis.

165 1343 276 1386 Item
325 1347 637 1386 convenerunt
681 1344 803 1400 quod
854 1343 1013 1386 furnus
1064 1344 1142 1400 qui
1186 1357 1305 1386 nuuc
1342 1346 1424 1390 est,
1455 1346 1500 1386 et
1548 1342 1669 1386 furni

108 1413 188 1470 qui
202 1413 260 1456 ’in
285 1413 489 1458 futurum
509 1417 641 1457 erunt
667 1413 713 1455 in
739 1414 859 1456 dicta
885 1414 994 1457 villa
1019 1414 1074 1456 de
1102 1413 1340 1462 (habenis,
1384 1413 1472 1456 sint
1498 1416 1542 1455 et
1568 1427 1667 1457 esse

21 1481 25 1484 ’
108 1485 306 1528 debeant
329 1484 377 1527 in
403 1484 602 1528 solidum
629 1483 736 1526 dicti
763 1484 938 1526 domini
983 1484 1186 1527 vestiarii
1213 1487 1258 1526 et
1284 1496 1470 1526 suorum
1496 1497 1670 1526 succes-

108 1568 279 1604 sorum;
310 1558 355 1598 et
380 1555 503 1610 quod
525 1555 643 1598 dicto
672 1554 856 1597 domino
883 1555 1097 1597 vestiario
1125 1557 1168 1597 et
1195 1554 1288 1596 suis
1316 1553 1665 1601 successoribus,

108 1626 206 1669 sine
232 1629 358 1682 parte
385 1625 539 1681 aliqua
564 1625 671 1668 dicti
698 1625 744 1668 B.
776 1625 1005 1668 domicelli
1032 1629 1090 1674 el·
1116 1637 1316 1673 suorum,
1348 1624 1602 1680 pertineant
1627 1628 1672 1666 et

107 1696 333 1752 pertinere
353 1696 550 1738 debeant
569 1696 906 1752 imperpetuum
927 1696 1060 1752 pleno
1079 1695 1177 1751 jure
1199 1709 1280 1752 pro
1302 1695 1396 1738 suis
1418 1698 1464 1737 et
1483 1708 1669 1737 suorum

109 1766 421 1809 voluntatibus
447 1766 648 1822 plenarie
676 1765 910 1809 faciendis.
1264 1768 1270 1773 ”

167 1836 222 1880 Et
247 1837 284 1880 si
310 1836 475 1892 aliquis
501 1850 582 1879 seu
608 1837 749 1894 aliqui
780 1836 965 1878 furnum
993 1836 1195 1893 aliquem
1248 1836 1392 1879 facere
1421 1836 1493 1878 vel
1544 1835 1672 1877 edifi-

108 1920 209 1951 care
230 1907 278 1949 in
303 1908 422 1950 dicta
443 1907 550 1950 villa
575 1908 630 1950 de
651 1907 872 1950 Grabellis
903 1908 1068 1949 vellent
1089 1921 1169 1949 seu
1196 1910 1528 1962 presumerent,
1548 1906 1671 1962 quod

110 1978 256 2021 dictus
282 1978 330 2020 B.
361 1980 406 2020 et
432 1977 502 2020 sui
529 1990 810 2021 successores
837 1978 884 2019 in
910 1980 1132 2034 quantum
1160 1980 1385 2032 poterunt,
1417 1976 1499 2018 hoc
1526 1976 1670 2018 iacere

109 2048 381 2104 prohibeant
405 2051 450 2090 et
473 2049 795 2096 contradicant,
827 2051 870 2090 et
896 2048 944 2090 in
966 2048 1048 2090 hoc
1096 2047 1255 2103 juvent
1281 2051 1326 2089 et
1350 2047 1507 2102 juvare
1536 2047 1672 2089 debe-

109 2122 188 2162 ant
208 2119 380 2164 dictum
408 2119 675 2161 vestiarium
703 2106 747 2161 et
773 2118 870 2174 ejus
898 2131 1192 2161 successores.

170 2190 282 2232 Item
310 2192 617 2232 convenerunt
642 2190 778 2246 quod,
811 2190 856 2231 iu
881 2189 1000 2231 dicta
1027 2189 1136 2230 villa
1162 2189 1217 2230 de
1257 2187 1494 2235 Gmbellis,
1526 2187 1671 2229 dictus

111 2261 159 2302 B.
191 2261 263 2302 vel
314 2260 411 2315 ejus
439 2273 719 2302 successores
747 2273 837 2302 non
864 2260 1041 2315 possint
1067 2260 1141 2301 vel
1168 2259 1378 2306 debeant,
1408 2259 1561 2313 aliqua
1604 2271 1672 2300 ra·
1722 2296 1731 2307 f

114 2334 233 2374 tione
264 2331 339 2373 vei
363 2343 517 2379 causa,
539 2332 731 2379 hahere,
762 2331 975 2373 edificare
998 2330 1068 2372 vel
1090 2329 1292 2372 edificari
1314 2330 1458 2371 facere
1486 2329 1671 2370 furnum

111 2402 327 2458 aliquem;
359 2414 441 2443 nec
483 2402 642 2443 furnus
670 2402 835 2457 aliquis
863 2414 907 2442 iu
936 2404 1027 2443 tota
1052 2400 1170 2442 dicta
1198 2400 1305 2441 villa
1352 2400 1408 2441 de
1449 2399 1671 2443 Grabellis

113 2474 170 2514 sit
193 2471 264 2513 vel
290 2485 389 2514 esse
417 2472 582 2514 debeat
626 2472 978 2527 imperpetuum,
1010 2471 1098 2512 nisi
1143 2470 1304 2512 furnus
1330 2470 1559 2525 predictus
1598 2469 1671 2511 vel

112 2542 233 2584 furni
260 2530 434 2584 domini
455 2542 655 2584 vestiarii
683 2542 914 2584 antedicti.

115 2656 122 2662 ,
172 2612 284 2654 Item
311 2616 619 2655 convenerunt
660 2613 778 2668 quod
808 2613 953 2654 dictus
997 2611 1210 2653 dominus
1261 2612 1501 2653 vestiarius
1528 2611 1602 2652 det
1629 2613 1670 2652 et

114 2682 276 2730 solvat,
306 2682 414 2725 dare
441 2686 485 2725 et
529 2676 705 2725 solvere
732 2686 939 2725 teneatur
982 2683 1101 2725 dicto
1137 2683 1184 2724 B.
1215 2682 1271 2724 de
1317 2681 1667 2738 Valhauquesio,

116 2766 198 2808 pro
217 2729 446 2808 p‘feIiictis,
472 2753 633 2808 viginti
662 2753 862 2809 quinque
891 2741 1030 2795 libras
1061 2753 1395 2807 melgorienses.

175 2823 288 2865 Item
313 2812 624 2866 conv‘eneruut
649 2824 771 2879 quod
816 2823 962 2866 dictus
1012 2823 1225 2865 dominus
1250 2823 1488 2865 vestiarius
1533 2825 1577 2863 et
1602 2822 1672 2862 sui
