2205 3299
1198 197 1245 202 ⁷——
1276 172 1362 215 364
1417 199 1443 203 —

539 274 754 323 lonensis,
785 275 833 318 in
852 277 1088 331 presencia
1113 281 1159 320 et
1178 278 1441 322 testimonio
1468 280 1533 322 st.
1560 280 1817 335 Berengarii
1842 280 1900 324 de
1926 281 2102 326 Monte-

533 345 779 400 pessulano
805 346 984 395 notarii,
1014 345 1230 402 G.(blanc
1253 347 1310 390 de
1332 348 1365 392 3
1389 351 1526 405 cent.)
1554 349 1610 393 de
1635 350 1829 398 Posano.
1875 349 2097 394 Johannis
2167 403 2171 405 ,

542 412 830 465 Glelelmes,
862 417 927 460 St.
958 417 1170 468 Pradelli,
1201 419 1280 462 Bn.
1335 419 1392 462 de
1418 419 1617 463 Olivario
1643 423 1688 463 et
1713 420 1804 464 mei
1848 421 2096 465 Raimundi
2164 484 2173 487 „

534 484 714 529 Bonerii
741 488 909 543 publici
937 488 1111 531 domini
1137 489 1256 543 regis
1281 489 1469 534 Francie
1495 493 1577 534 etc.

1398 632 1494 670 (Reg.
1519 632 1555 667 Ι).
1579 631 1636 662 tol.
1659 631 1721 662 285
1741 637 1801 670 ν’).

752 897 1024 941 DCCXCVII.
1058 922 1111 928 --
1140 897 1197 939 10
1223 897 1391 940 few-ier
1415 896 1530 940 1287
1559 899 1623 952 (n.
1655 910 1694 940 s.
1727 872 1863 952 1288),Υ

570 1039 1014 1077 &connaissance
1035 1037 1100 1074 du
1118 1047 1227 1074 mae
1248 1037 1309 1074 de
1329 1038 1628 1085 Brissag-uet
1647 1038 1766 1075 faite
1785 1038 1818 1075 a
1844 1039 2007 1077 Henri
2026 1036 2087 1078 de

521 1099 708 1137 Rodez.

579 1231 737 1273 Pateat
762 1228 1043 1271 universis...
1074 1228 1198 1285 quod
1220 1241 1339 1271 anno
1362 1219 1421 1271 ab
1441 1228 1763 1272 Incarnacione
1782 1229 1963 1272 Domini
1984 1230 2086 1273 mil·
2147 1267 2150 1269 .

519 1301 681 1345 lesimo
708 1299 1021 1343 ducentesimo
1047 1299 1357 1354 octuagesimo
1378 1298 1588 1355 septimo,
1611 1302 1655 1342 et
1681 1299 1788 1342 ΙΙΙΙω
1808 1299 1911 1344 idus
1932 1299 2084 1344 febru·

516 1372 615 1420 arii,
646 1371 834 1414 domino
859 1369 1070 1426 Philippo
1096 1369 1177 1413 Dei
1226 1369 1373 1425 gratia
1399 1382 1503 1424 rege
1530 1370 1805 1413 Francorum
1838 1374 2078 1427 regnante,
2144 1420 2147 1421 ⁷

515 1457 599 1487 nos
625 1441 839 1497 videlicet
862 1440 1148 1484 Raimundus
1176 1442 1220 1483 et
1247 1440 1406 1484 Petrus
1446 1440 1645 1483 Brunelli
1673 1440 1854 1490 fratre&
1902 1441 2083 1485 habita-
2150 1443 2158 1459 ³

514 1518 636 1558 tores
656 1513 763 1556 ville
791 1512 945 1556 Sancti
971 1510 1208 1554 Laurencii
1234 1511 1290 1553 de
1311 1511 1508 1559 Arisdio‚
1551 1525 1630 1567 pro
1667 1512 1800 1555 nobis
1826 1514 1870 1555 et
1913 1512 2080 1556 nostris
2152 1571 2153 1574 Ἰ

517 1584 854 1629 successoribus
881 1585 925 1625 et
974 1582 1273 1625 heredibus...
1328 1581 1693 1637 recognoscimus
1735 1582 1866 1626 vobis
1893 1583 2079 1627 domino

517 1657 751 1703 Haenrico‚
782 1654 863 1697 Dei
888 1654 1033 1708 gratia
1068 1653 1222 1701 comiti
1272 1652 1554 1696 Ruthenensi
1581 1656 1627 1695 et
1652 1653 1839 1696 domino
1889 1653 2076 1697 baronie
2139 1655 2143 1658 ’

516 1730 572 1772 de
600 1726 842 1775 Rocaiolio,
869 1724 1105 1780 recipienti
1131 1728 1176 1766 et
1196 1723 1432 1779 stipulanti
1453 1737 1535 1779 pro
1555 1723 1687 1766 vobis
1707 1727 1753 1766 et
1771 1724 1937 1767 vestris
1957 1725 2076 1768 dicte
2143 1724 2149 1742 ⁵

514 1799 702 1843 baronie
727 1801 772 1840 et
798 1797 904 1839 dicti
931 1795 1065 1838 castri
1093 1795 1149 1837 de
1176 1794 1415 1843 Brissiaco,
1446 1807 1527 1837 nos
1549 1794 1693 1837 dictos
1719 1795 1771 1842 R.
1795 1800 1835 1837 el
1868 1794 1942 1837 Pe.
1968 1795 2078 1838 Bru-
2132 1794 2143 1859 '3

513 1871 623 1915 nelli
651 1870 827 1915 iratres.
859 1867 988 1923 equis
1011 1866 1216 1923 partibiffi
1243 1861 1470 1911 indivisis.
1497 1869 1649 1907 tenere
1676 1878 1703 1907 a
1723 1866 1868 1914 vobis,
1894 1865 2074 1908 racione
2144 1909 2151 1915 ,
2183 1863 2185 1865 ’

513 1943 630 1986 dicte
665 1939 850 1983 baronie
880 1942 924 1981 et
949 1937 1056 1980 dicti
1082 1937 1217 1980 castri
1243 1937 1385 1979 vestri
1435 1936 1490 1978 de
1518 1936 1754 1984 Brissiaco‚
1779 1936 1833 1979 ad
1864 1936 2068 1985 feudum,

511 2016 556 2056 et
581 2011 880 2055 Bertrandum
921 2010 1097 2051 Pometi
1147 2008 1356 2055 condam,
1387 2007 1516 2061 cujus
1566 2020 1648 2049 nos
1674 2007 1720 2048 in
1771 2006 2070 2064 infrascriptis
2128 2031 2130 2034 >

508 2096 669 2127 sumus
696 2082 904 2129 heredes,
928 2083 973 2122 et
997 2082 1306 2122 antecessores
1347 2078 1555 2133 ejusdem
1580 2091 1608 2120 a
1634 2077 1764 2120 vobis
1814 2081 1862 2126 ct,
1878 2078 1941 2121 ab
1991 2092 2070 2121 an·
2125 2103 2128 2107 Δ

507 2153 810 2198 tecessoribus
836 2151 1000 2195 vestris
1052 2149 1249 2193 dominis
1282 2150 1399 2192 dicte
1426 2149 1612 2192 baronie
1648 2148 1864 2196 tenuisse:
1896 2151 1941 2191 ct
1967 2162 2063 2196 nos,
2129 2143 2140 2191 ζ’

502 2227 578 2269 vel
605 2227 709 2282 post
734 2237 818 2266 nos
845 2223 892 2265 in
918 2222 1124 2265 futurum
1150 2233 1451 2267 successores.
1482 2219 1650 2262 debere
1678 2221 1723 2261 et
1749 2218 1866 2262 velle
1911 2221 2065 2262 tencre
2122 2256 2126 2271 5
2176 2228 2177 2232 ’

503 2298 562 2340 ad
588 2296 793 2344 feudum,
823 2296 874 2337 ut
899 2294 1068 2337 dictum
1098 2295 1180 2339 est,
1212 2293 1258 2334 ct
1276 2291 1363 2334 sub
1401 2290 1540 2334 vestri
1590 2292 1632 2332 et
1663 2292 1914 2333 vestrorum
1964 2302 2066 2332 suc·
2124 2327 2126 2329 .
2173 2325 2176 2348 3

502 2379 735 2412 cessorum
761 2365 1053 2409 dominorum
1079 2363 1197 2406 dicte
1223 2361 1409 2405 baronie
1435 2363 1479 2403 et
1503 2360 1612 2404 dicti
1637 2354 1772 2404 castri
1824 2361 1957 2416 pleno
1983 2361 2064 2404 (10-
2131 2411 2133 2415 y
2174 2371 2175 2374 ’

506 2440 664 2486 minio,
714 2435 949 2482 laudimio,
985 2447 1110 2478 mero
1153 2436 1290 2490 atque
1341 2432 1486 2474 mixto
1536 2431 1744 2487 imperio.
1796 2431 2063 2475 omnimoda
2119 2484 2122 2487 ι
2171 2432 2174 2438 ’

499 2508 810 2567 jurisdictione
837 2510 881 2549 et
906 2505 1128 2553 districtu,
1159 2507 1204 2547 et
1253 2503 1464 2557 homagio
1491 2505 1536 2545 et
1562 2503 1727 2551 banno,
1781 2503 1826 2544 et
1874 2502 2059 2558 alberga
2116 2555 2118 2559 ι

497 2582 696 2638 quatuor
721 2578 935 2623 militum,
991 2576 1120 2619 vobis
1148 2578 1192 2617 et
1218 2574 1383 2617 vestris
1434 2573 1626 2629 singulis
1652 2573 1783 2615 annis
1810 2557 1947 2615 simul
1993 2572 2058 2615 fa-

497 2651 672 2698 cienda,
701 2662 806 2692 cum
834 2661 914 2690 nos
943 2647 1014 2689 vel
1041 2646 1181 2689 nostri
1208 2645 1429 2687 fuerimus
1449 2643 1672 2701 requisiti:
1697 2699 1701 2704 Ι

556 2721 777 2764 Videlicet
801 2719 1050 2776 quemdam
1076 2728 1289 2759 mansum
1315 2727 1419 2758 cum
1440 2714 1535 2758 suis
1562 2714 1851 2770 pertinenciis
1878 2715 1924 2756 et
1946 2713 2055 2770 juri·
2158 2725 2167 2760 '5

495 2795 596 2841 bus,
629 2793 816 2834 vocatus
842 2790 898 2832 de
925 2785 1246 2845 Brissaq[u]et‚
1277 2789 1322 2828 et
1347 2786 1487 2828 etiam
1512 2797 1617 2827 cum
1662 2785 1758 2828 suis
1783 2783 2050 2840 explechiis,
2075 2842 2082 2845 „
2105 2807 2108 2811 .

496 2866 544 2910 et
565 2875 671 2909 cum
698 2861 829 2907 terris
853 2859 986 2907 cultis
1006 2862 1053 2903 et
1074 2858 1273 2908 incultis.
1310 2857 1509 2903 heremis
1527 2859 1574 2904 et
1595 2855 1852 2922 condi-ictis
1882 2854 2050 2905 herbis,
2112 2899 2117 2918 .-
2160 2861 2164 2900 ξ
