2205 3299
508 235 555 240 ’⁷
1162 264 1216 270 --
1247 238 1332 282 180
1359 265 1414 270 -
1840 243 1862 249 “

740 461 765 483 ·
948 466 1182 505 numu.
1217 491 1222 495 .
1301 465 1321 504 7
1354 464 1495 513 ,mmm
1528 463 1638 514 ωτι

555 630 814 677 Berenger
825 629 1008 666 Fredol
1029 640 1224 666 nomme
1245 640 1337 666 son
1349 630 1552 676 delegue
1571 640 1697 676 pour·
1716 629 1983 679 presente?
1997 629 2072 665 les

507 691 644 726 actes
665 699 729 725 au
749 690 878 736 sujet
898 689 958 725 de
977 689 1026 725 la
1047 688 1369 725 delimitation
1391 689 1451 726 de
1470 689 1649 736 l'etang·
1670 689 1729 725 de
1749 688 1998 735 Melgueil.

564 834 696 875 Anno
722 831 954 875 Dominice
981 832 1306 875 Incarnationis
1336 833 1580 875 millesimo
1609 831 1923 887 ducentesimo
1969 845 2071 888 sep-

506 903 761 960 tuagesimo
780 902 933 951 tercio,
964 916 1107 946 nonas
1133 903 1247 959 julii,
1278 905 1564 946 accesserunt
1588 903 1646 946 ad
1691 902 1968 958 presentiam
1993 916 2072 946 ve-

504 973 780 1017 nerabilium
807 973 1010 1016 virorum
1032 973 1204 1016 domini
1225 973 1462 1016 Bertrandi
1484 973 1539 1016 de
1560 973 1684 1016 Bello
1710 973 1867 1021 Podio,
1892 972 2066 1020 militis,

503 1043 653 1086 locum
682 1043 877 1087 tenentis
899 1043 1074 1085 domini
1094 1044 1214 1099 regis
1236 1045 1499 1099 Aragonum
1525 1043 1715 1086 illustris
1741 1043 1789 1086 in
1815 1044 2073 1100 Montepes—

505 1115 664 1157 sulano
692 1118 736 1157 et
761 1114 857 1170 ejus
885 1114 1104 1163 districtu;
1137 1118 1181 1157 et
1208 1115 1382 1157 domini
1417 1115 1622 1170 magistri
1671 1115 1792 1157 Petri
1818 1115 2067 1175 Almeradi,

504 1185 838 1240 Magalouensis
879 1185 1197 1235 archidiaconi,
1222 1185 1386 1241 prioris
1415 1185 1567 1228 Sancti
1592 1185 1874 1228 Firminisle·
1893 1185 2066 1229 Monte·
2110 1207 2112 1209 >

502 1256 761 1312 pessulano,
792 1256 870 1311 qui
897 1255 1080 1298 luerunt
1131 1257 1260 1299 electi
1287 1258 1344 1299 ab
1370 1257 1534 1299 illustri
1580 1257 1764 1300 domino
1814 1269 1918 1312 rege
1962 1258 2071 1299 Are.-

503 1339 674 1382 gonum
704 1329 748 1369 et
792 1339 819 1369 a
844 1327 1095 1369 reverendo
1134 1330 1261 1383 patre
1288 1327 1474 1370 domino
1500 1327 1810 1383 Magalonensi
1858 1327 2069 1383 episcopo

500 1396 788 1445 mediatores,
821 1397 879 1439 ad
906 1397 1108 1440 videnda
1134 1400 1179 1440 et
1204 1398 1488 1454 inspicienda
1533 1398 1850 1441 instrumenta.
1886 1401 1932 1441 et
1981 1398 2071 1441 alvia

503 1467 782 1510 ‘documenta
808 1481 945 1523 super
970 1468 1244 1512 limitatione
1291 1470 1453 1525 stagni,
1482 1469 1602 1511 inter
1629 1469 1799 1511 dietum
1828 1468 2067 1512 dominum

497 1551 653 1593 regem
681 1541 724 1580 et
745 1538 915 1580 dictum
937 1538 1175 1581 dominum
1197 1539 1475 1595 episcopum,
1501 1539 1673 1582 ratione
1701 1539 1941 1582 comitatus
1959 1539 2071 1582 Mel-

496 1609 625 1664 gorii,
657 1612 701 1651 et
728 1609 865 1651 etiam
892 1609 1180 1657 limitatores,
1212 1613 1262 1652 ut
1289 1613 1479 1666 apperet
1505 1624 1588 1666 per
1620 1610 1852 1667 quoddam
1902 1610 2072 1653 instru-

499 1682 705 1722 mentum
732 1679 984 1735 publicum,
1016 1679 1274 1723 confectum
1301 1695 1382 1737 per
1409 1693 1596 1724 manum
1632 1680 1865 1724 Michaelis
1891 1680 1947 1724 de
1974 1682 2069 1724 Ma·
2111 1699 2114 1702 ·
2163 1675 2171 1687 “

498 1749 683 1797 lobuxo,
739 1750 903 1792 notarii
954 1750 1375 1806 Montispessulani;
1430 1753 1798 1807 comparuerunt,
1858 1751 2063 1808 inquam,
2094 1774 2105 1780 -
2163 1790 2166 1793 .

501 1820 717 1876 magister
736 1820 1036 1876 Berengarius
1072 1822 1267 1871 Fredoli,
1309 1821 1520 1865 officialis
1566 1824 1610 1864 et
1654 1824 1915 1877 procurator
1959 1821 2065 1865 dicti

499 1891 673 1934 domini
701 1891 903 1946 episcopi
929 1906 1010 1947 pro
1037 1892 1156 1934 dicto
1183 1893 1370 1935 domino
1397 1892 1609 1948 episcopo
1636 1906 1694 1935 ex
1732 1906 1823 1935 una
1849 1895 1991 1948 parim
2023 1895 2067 1935 et

499 1962 712 2004 dominus
738 1962 946 2004 Matheus
974 1963 1029 2004 de
1058 1963 1245 2011 Solerio,
1277 1967 1543 2019 procurator
1568 1963 1674 2005 dicti
1721 1961 1896 2006 domini
1947 1963 2067 2018 regis

498 2033 762 2086 Aragonum
789 2046 870 2088 pro
897 2033 1016 2075 dicto
1043 2034 1227 2076 domino
1254 2048 1359 2090 rege
1388 2048 1446 2077 ex
1471 2035 1627 2077 altera.

558 2103 610 2145 Et
636 2103 781 2146 dictus
809 2104 1021 2146 dominus
1043 2104 1268 2153 officialis,
1294 2105 1477 2148 nomine
1505 2105 1609 2147 dicti
1645 2104 1817 2148 donini
1843 2104 2061 2161 episcopi,
2093 2135 2098 2141 ·
2148 2096 2150 2100 ⁴
2186 2092 2196 2113 '⁸

493 2174 552 2216 ad
580 2173 840 2216 faciendum
869 2174 1009 2217 tidem
1037 2189 1117 2218 sue
1147 2177 1478 2231 procurationis
1505 2176 1672 2218 obtulit
1698 2176 1948 2231 quamdam
1993 2176 2065 2218 lit-

494 2246 658 2293 teram,
691 2245 839 2300 sigillo
866 2245 972 2288 dieti
1001 2246 1175 2289 domini
1216 2247 1415 2303 episcopi
1445 2247 1706 2301 sigillatam,
1759 2246 1888 2302 cujus
1932 2249 2066 2290 tenor

495 2316 598 2358 talis
626 2319 708 2361 est,
1040 2344 1068 2370 ς,

499 2482 505 2488 -
552 2458 767 2500 Noverinl
794 2458 998 2501 universi
1052 2463 1307 2515 presentem
1361 2460 1575 2515 paginam
1619 2459 1881 2515 inspecturi,
1936 2461 2059 2516 quod

490 2541 573 2570 nos
603 2528 918 2583 Bercngarius,
967 2530 1045 2571 Dei
1099 2530 1389 2572 miseratione
1435 2531 1675 2586 episeopus
1703 2530 2055 2585 Magalonensis,

488 2596 682 2640 facimus
710 2601 754 2639 et
776 2599 1093 2642 constituimus
1125 2602 1329 2642 nostrum
1359 2599 1623 2642 el-Ecclesie
1653 2603 1818 2648 nostre,
1850 2614 1902 2642 ac
1921 2600 2059 2657 corni-

489 2670 611 2710 tatus
639 2668 856 2722 Melgorii,
889 2671 1061 2725 eertum
1090 2672 1134 2711 et
1161 2670 1402 2725 specialem
1446 2674 1781 2725 procuratorem
1832 2673 2052 2719 nostrum,

490 2737 736 2781 discretum
750 2738 917 2787 virum,
943 2739 1157 2781 dilectum
1186 2743 1413 2795 nepotem,
1441 2740 1706 2795 magistrum
1731 2741 2054 2796 Berengarium
2104 2767 2112 2774 -

488 2808 683 2857 Fredoli,
713 2809 980 2852 canonicum
1009 2810 1326 2859 Biterrensem‚
1357 2811 1602 2854 officialem
1641 2813 1862 2867 nostrum,
1907 2814 1952 2854 et
1977 2812 2055 2853 de·
2120 2832 2123 2834 ·

489 2881 715 2921 cretorum
744 2880 989 2926 doctorem,
1034 2881 1090 2922 ad
1118 2881 1475 2937 comparendum
1499 2884 1548 2923 et
1586 2882 1641 2923 ad
1694 2882 1925 2937 agendum
1969 2895 2052 2936 pro
2111 2890 2137 2920 ‘z
