1991 3279
920 210 973 215 -—
1002 184 1115 226 1014
1144 209 1195 215 —

265 298 318 339 nd
352 296 535 338 feudum
554 294 756 335 francum
785 295 829 333 et
876 291 1159 340 honoratum,
1212 290 1395 332 turnum
1436 303 1577 351 *quem
1607 289 1751 331 habeo
1778 291 1824 331 et

271 372 397 409 teneo
424 379 522 408 cum
554 364 647 407 ¹suis
673 363 847 418 juribus
882 366 925 403 et
953 362 1235 417 pertinentiis
1263 362 1307 402 in
1334 364 1458 403 costa
1495 361 1551 402 de
1594 358 1748 403 Salve.
1778 359 1823 401 in

272 439 452 480 leuduni
496 439 715 482 vestrum,
764 434 866 475 dicti
897 433 1068 475 domini
1098 432 1313 488 episcopi,
1344 435 1389 474 et
1433 431 1627 474 Ecclesia
1668 443 1825 486 supra-

272 510 401 551 dicte:
433 507 561 562 etjus
591 505 795 552 faciendi,
827 508 871 546 et
891 504 1119 546 reficiendi
1142 508 1185 546 et
1214 503 1417 545 mutandi
1446 503 1631 545 furnum
1661 502 1705 544 in
1725 515 1824 556 pre-

271 581 388 622 ‹licta
414 581 551 621 rosta:
606 581 648 618 ct
674 576 746 630 jus
773 576 890 630 quod
922 575 1067 617 babeo
1114 575 1157 616 111
1186 575 1282 616 loco
1310 574 1510 629 predicto
1551 572 1822 628 prohibendi

271 651 369 693 tiliis
397 648 671 694 bominibus,
702 647 869 688 ibidem
900 646 1081 688 turnum
1125 646 1267 688 lacere
1308 645 1581 692 volentibus,
1611 646 1655 687 et
1682 643 1824 700 quod-

272 723 377 763 libet
423 721 542 763 aliud
584 719 654 774 jus
686 718 817 759 michi
845 720 1108 772 competens
1153 717 1197 758 in
1225 717 1454 772 predictis;
1480 719 1523 757 et
1548 715 1702 757 omnia
1736 714 1825 758 alia

269 807 356 848 que
383 792 526 834 liabeo
565 790 677 831 intra
725 788 1108 831 controntationes
1136 789 1251 830 dicte
1291 791 1425 836 coste,
1460 789 1593 843 prout
1628 785 1819 828 inferius

272 864 594 909 com'rontatnr,
650 861 861 902 videlicet
904 859 1283 902 dominicaturam
1329 872 1408 901 seu
1453 857 1820 904 dominicaturas,

272 948 444 982 census,
504 925 684 979 usatica,
719 931 952 975 laudimia,
985 931 1174 979 vendas,
1216 930 1418 977 consilia,
1461 927 1818 977 commissiones,

274 1006 560 1061 prolationes,
605 1003 875 1051 firmancias,
909 1016 995 1057 que
1041 1002 1209 1044 omnia:
1243 1002 1387 1044 habco
1415 1004 1459 1043 et
1503 999 1700 1056 percipio
1745 999 1827 1040 ibi-

274 1078 393 1125 dem,
418 1077 527 1117 dum
553 1088 684 1117 casus
713 1088 759 1116 se
786 1073 934 1116 ol't'ert.

335 1148 385 1189 Et
410 1147 718 1189 confrontatur
743 1145 862 1188 dicta
881 1148 1019 1193 costa,
1051 1145 1165 1187 sicut
1191 1144 1474 1200 protenditur
1519 1146 1639 1186 recta
1667 1142 1753 1190 via,
1802 1155 1829 1185 a

276 1220 408 1261 domo
460 1217 685 1260 Guillelmi
731 1217 904 1259 Nazarii
931 1230 1073 1271 usque
1125 1216 1181 1258 ad
1226 1216 1375 1258 locum
1426 1228 1576 1257 coram
1627 1213 1828 1269 predicto

277 1290 419 1337 l'urno,
451 1293 494 1332 et
522 1302 664 1345 usque
690 1289 747 1330 ad
782 1289 968 1330 domum
996 1288 1115 1330 Petri
1143 1287 1279 1329 Fors:
1309 1287 1406 1329 sive
1434 1287 1489 1328 de
1515 1285 1696 1343 myria
1721 1289 1766 1328 ct
1803 1298 1830 1327 a

277 1362 394 1403 dicta
420 1362 555 1403 domo
590 1360 706 1401 Petri
737 1360 887 1402 Forlz.
937 1359 1051 1401 sicut
1101 1359 1301 1401 ascendit
1341 1359 1414 1400 via
1442 1357 1620 1413 publica
1646 1370 1735 1412 qua
1781 1355 1832 1398 lit

277 1433 488 1474 transitus
517 1432 676 1473 subtus
704 1432 891 1472 domum
919 1430 1007 1472 mei
1035 1430 1138 1472 dicti
1186 1429 1412 1472 Guillelmi
1441 1431 1490 1472 R.
1523 1432 1566 1471 et
1614 1428 1757 1484 juxta;
1787 1429 1832 1469 et

280 1504 339 1545 sic
369 1503 598 1545 descendit
627 1502 745 1544 dicta
771 1501 845 1543 via
873 1515 1015 1556 usque
1043 1502 1101 1542 1111
1128 1502 1314 1543 domum
1342 1500 1521 1542 Martini
1548 1500 1604 1542 de
1625 1498 1829 1555 Layricio

277 1579 317 1617 et
345 1590 368 1616 11
397 1575 531 1616 domo
557 1574 736 1616 Martini
764 1574 818 1615 de
847 1572 1048 1628 Lamum
1077 1586 1221 1628 usquc
1249 1573 1306 1614 ad
1334 1573 1523 1614 domum
1551 1570 1657 1613 dicti
1694 1569 1832 1612 Guil-

278 1646 399 1687 lelmi
426 1645 613 1688 Nazarii.

336 1717 519 1771 Excipio
540 1730 567 1758 a
593 1716 709 1758 (licta
738 1716 881 1770 prima
911 1715 1210 1769 recognitione
1237 1715 1336 1770 jura
1362 1714 1498 1757 michi
1530 1713 1832 1769 competentia

279 1788 322 1829 in
349 1789 559 1829 domibus
587 1786 900 1842 infrascriptis,
932 1800 1019 1841 que
1050 1789 1260 1828 tenentur
1284 1800 1308 1828 a
1340 1800 1423 1834 nie,
1457 1799 1570 1842 quas
1596 1799 1623 1828 a
1650 1784 1829 1827 nemine

283 1863 425 1901 tenco:
446 1859 612 1901 svilieot
631 1859 671 1899 in
689 1859 885 1913 quadam
913 1858 1049 1899 domo
1071 1858 1262 1900 condam
1279 1857 1496 1900 Guiraudi
1511 1857 1567 1899 de
1581 1857 1772 1905 Davom,
1789 1858 1834 1898 et

282 1931 325 1971 in
342 1930 429 1972 alia
445 1931 577 1972 domo
593 1929 822 1985 quondam
841 1928 993 1970 l‘oncii
1009 1929 1064 1970 de
1083 1928 1221 1976 Silva,
1246 1932 1290 1971 et
1317 1928 1412 1984 ejus
1440 1928 1595 1970 uxoris
1621 1929 1828 1975 condam,

281 2000 383 2057 ctJin
411 2002 608 2056 quadam
624 2001 851 2042 cambreta
879 2000 1040 2042 domus
1057 2000 1271 2042 Bernardi
1287 2000 1342 2042 dc
1360 1999 1542 2054 Ligatis;
1566 2014 1654 2056 que
1669 2000 1833 2042 domus

283 2077 325 2114 ct
351 2073 577 2114 cambrcta
599 2075 703 2113 sunt
730 2071 774 2112 in
802 2071 921 2113 dicta
942 2074 1065 2113 costa
1091 2070 1208 2113 infra
1235 2071 1377 2114 dictas
1403 2071 1798 2114 confrontationes.

343 2144 449 2184 [tem
479 2156 746 2196 recognosco
772 2156 842 2183 me
891 2146 1057 2189 tenere,
1089 2156 1115 2184 a
1143 2143 1271 2185 vobis
1299 2147 1343 2185 et
1368 2142 1487 2185 dicta
1513 2142 1723 2190 Ecclesia,
1776 2142 1831 2184 ad

281 2214 462 2256 feudum
487 2227 620 2255 unam
653 2214 810 2255 libram
834 2213 1017 2268 piperis,
1037 2227 1174 2268 quam
1203 2213 1306 2256 lacit
1326 2228 1406 2256 seu
1429 2214 1565 2256 donat
1579 2213 1834 2256 Bernardus

282 2285 409 2326 Fabri
439 2285 687 2331 annuatim,
710 2298 787 2339 pro
810 2298 945 2326 censu
962 2283 1197 2339 cujusdam
1226 2285 1371 2332 vinee,
1394 2298 1530 2340 quam
1558 2298 1585 2328 a
1613 2298 1686 2327 me
1716 2286 1837 2327 tenet

282 2355 324 2396 in
354 2356 585 2409 pari-ovina
611 2356 666 2396 de
693 2354 842 2396 Saloe:
865 2358 909 2397 et
935 2355 1242 2398 conl'rontatur
1268 2369 1369 2398 cum
1399 2359 1513 2407 terra
1541 2355 1659 2399 Petri
1684 2354 1832 2403 Fabri,

286 2430 329 2467 et
368 2440 466 2467 cuni
497 2430 592 2467 orto
620 2427 725 2468 dicti
757 2426 1110 2468 lternardiFabri
1133 2426 1377 2477 (ltzcmide'lc
1400 2427 1422 2468 1
1446 2430 1579 2482 cent.)
1600 2428 1645 2469 in
1668 2426 1832 2470 medio.

346 2497 451 2538 ltem
503 2501 630 2538 tenco
657 2498 713 2538 ad
761 2498 946 2538 feudum
999 2497 1202 2540 francum
1230 2500 1274 2539 et
1313 2498 1583 2541 honoratum
1627 2501 1836 2554 quartam

291 2570 461 2622 partem
490 2567 733 2612 ‹lmmidild
751 2570 781 2609 δ’
807 2575 940 2619 (seul.)
969 2582 1056 2624 que
1084 2569 1285 2623 predicta
1313 2569 1417 2611 lacit
1438 2569 1574 2612 michi
1601 2584 1680 2612 seu
1701 2570 1839 2613 donat

289 2638 558 2680 Bertramlus
587 2637 830 2686 (lezcmeizlilfi
861 2639 915 2679 ll)
941 2644 1074 2690 conl.)
1104 2640 1148 2681 in
1178 2640 1411 2695 parrochia
1438 2641 1589 2683 Sancti
1615 2641 1839 2684 Vincentii

288 2709 341 2749 de
370 2710 504 2750 (li-oso
532 2708 775 2755 (lmmltlile
808 2709 1024 2760 Incesta),
1056 2710 1186 2762 dictis
1208 2711 1350 2753 tribus
1379 2712 1517 2766 portis
1538 2711 1582 2753 in
1611 2712 1707 2755 istis
1734 2713 1840 2755 ΙΙΙΙυΓ

290 2780 356 2820 vel
389 2778 632 2827 (hamidsm
663 2780 713 2819 ll
762 2787 895 2828 conl.)
925 2782 978 2822 1111
1010 2781 1195 2823 l'cudum
1249 2781 1450 2824 francum
1478 2785 1521 2824 et
1571 2783 1838 2826 honoratum

287 2849 463 2890 leemeicl.
500 2850 555 2891 ll)
581 2857 713 2904 cent.)
742 2850 795 2890 (11·
828 2849 870 2890 la
898 2851 1115 2900 lielmela,
1147 2865 1247 2894 cum
1271 2853 1438 2895 honore
1467 2853 1650 2896 ecclesie
1691 2853 1839 2897 Sancti
