2107 3404
694 273 942 317 *183*

100 378 176 423 Sic
200 378 346 423 dictus
371 378 585 423 dominus
607 378 818 423 officialis
848 378 1033 423 nomine
1062 377 1169 420 dicti
1196 377 1369 420 domini
1397 377 1598 435 epfscopi

41 450 159 493 dixit
183 450 305 506 quod
326 462 418 494 non
443 453 572 494 erant
601 453 737 494 testes
764 450 1050 498 admittendi;
1082 449 1162 492 sed
1190 462 1271 505 per
1296 449 1602 493 instrumenta

41 522 233 576 utraque
271 515 379 577 pars
402 521 599 564 debebat
643 521 698 563 de
724 521 822 576 jure
850 534 931 563 suo
975 520 1213 563 ostendere
1258 523 1302 562 et
1353 520 1601 562 secundum

40 593 245 634 tenorem
271 591 495 634 dictorum
545 591 956 634 instrumentorum
1001 591 1197 633 debebat
1224 590 1344 633 dicta
1392 589 1602 633 limitatio

42 660 250 704 diffiniri.
1347 695 1351 703 ,.

101 730 154 774 Et
179 732 236 775 ad
263 734 345 775 lieo
372 722 657 788 [nubendum
687 733 902 788 produnt
923 731 1153 787 quoddam
1181 730 1428 787 capitulum
1458 728 1606 785 cujus-

41 802 150 845 dam
176 803 516 859 compositionis
538 803 701 859 scripte
737 816 817 859 per
863 801 1127 845 Michaelem
1157 803 1211 843 d(-
1240 801 1496 845 Ma'obuxo.
1531 815 1606 843 uo-

43 873 211 916 tarium
234 873 468 929 publicum
495 873 910 930 Montispessulaui,
937 873 1020 916 hcc
1045 886 1164 915 anno
1195 873 1307 915 l'acle
1331 873 1445 914 inlen-
1465 872 1609 914 ‹fomi-

43 956 154 987 num
180 956 334 1000 regem
360 947 405 986 et
430 944 670 987 dominum
696 944 975 999 episcopum,
1007 944 1127 998 quod
1155 943 1408 999 capitulum
1432 942 1601 997 int-ipim

45 1014 114 1057 De
137 1020 304 1071 staquo
328 1021 482 1057 autem
510 1015 576 1057 ita
599 1020 915 1063 conveneram&

104 1084 231 1128 Dicto
258 1084 442 1128 domino
487 1085 683 1133 Matheo,
715 1087 1002 1142 procuratore
1053 1084 1159 1126 dicti
1187 1083 1359 1126 domini
1410 1083 1527 1137 regis
1567 1073 1632 1125 et*

45 1155 231 1199 nomine
257 1155 363 1198 dicti
386 1155 560 1199 domini
587 1156 720 1212 regiS‚
753 1158 935 1211 petente
964 1168 1011 1197 se
1064 1154 1242 1197 admitti
1273 1154 1329 1196 ad
1366 1154 1611 1210 produxio-

46 1238 153 1268 nem
180 1225 364 1268 testium
391 1229 435 1268 et
461 1226 885 1284 instrumentorum,
918 1228 966 1267 ut
994 1238 1133 1280 supra
1178 1224 1388 1280 pecierat.

107 1296 181 1340 Sic
206 1296 313 1338 dicti
346 1296 520 1338 domini
542 1296 816 1339 mediatores
844 1296 1192 1351 assignaverunt
1219 1294 1339 1337 diem
1369 1294 1612 1337 crastinam

45 1366 177 1409 dictis
200 1367 563 1422 procuratoribus
590 1366 647 1409 ad
680 1366 1039 1422 comparendum
1066 1379 1219 1408 corazn
1248 1365 1311 1407 eis
1333 1368 1391 1413 et,
1433 1364 1613 1419 utrique

48 1437 181 1493 parti,
211 1437 269 1479 ad
296 1437 555 1479 faciendum
581 1436 724 1479 fidem
751 1436 807 1479 de
832 1435 931 1492 jure
959 1449 1055 1478 suo.

108 1508 220 1550 Acta
240 1507 421 1550 fuerunt
466 1506 549 1550 hec
573 1507 620 1549 in
648 1507 821 1563 palacio
848 1506 955 1548 dicti
1007 1506 1180 1548 domini
1207 1505 1326 1560 regis
1352 1505 1400 1546 in
1443 1504 1617 1546 Monte-

50 1578 309 1635 pessulano‚
339 1590 491 1621 coram
528 1577 659 1620 dictis
698 1577 897 1620 dominis
927 1577 1270 1625 mediatoribus,
1302 1576 1349 1618 in
1378 1574 1617 1631 presencia

55 1651 101 1692 et
128 1648 387 1691 testimonio
439 1648 669 1691 Guillelmi
696 1648 829 1690 Fulxi
881 1647 1077 1690 doctoris
1104 1647 1272 1701 legum,
1306 1645 1531 1689 Guitfredi
1558 1645 1614 1687 de

52 1719 240 1762 Cumbis
291 1718 557 1775 jurisperiti,
611 1718 872 1775 Raymundi
898 1718 1050 1761 Basini
1076 1717 1339 1773 jurisperiti,
1394 1716 1615 1759 Johannis

52 1790 109 1834 de
158 1789 403 1832 Malobuxo
446 1789 615 1845 publici
664 1788 1067 1845 Montispessuleni
1117 1788 1295 1836 notarii,
1327 1790 1371 1829 et
1420 1786 1620 1842 plurium

48 1860 259 1909 aliorum,
289 1863 334 1903 ct
359 1861 451 1903 mei
477 1860 711 1903 Michaelis
738 1861 794 1902 de
845 1860 1090 1902 Malobuxo
1118 1859 1287 1914 publici
1342 1856 1615 1912 Montispes·

53 1930 202 1974 sulani
228 1931 407 1980 notarii,
457 1930 552 1988 qui,
587 1931 802 1973 mandato
829 1930 1051 1972 dictorum
1079 1929 1369 1972 dominorum
1398 1927 1615 1970 mediato-

53 2013 157 2044 rum
177 2004 222 2044 et
247 2001 469 2045 dictarum
491 2002 711 2058 parcium,
762 2001 844 2043 hec
871 2000 1031 2056 scripsi
1058 2002 1102 2042 et
1131 2000 1317 2054 signum
1344 2011 1496 2041 mcum
1541 2011 1622 2053 ap-

54 2071 201 2127 posui.

948 2211 1045 2251 (neg.
1068 2213 1108 2248 A,
1129 2210 1188 2242 tol.
1208 2210 1248 2242 29
1267 2212 1323 2250 τ’).

474 2502 732 2546 DCCXXXI.
766 2526 820 2534 --
849 2501 904 2543 12
929 2500 1076 2557 juillet
1103 2499 1216 2543 1273

109 2653 308 2691 Ancon-d
328 2656 472 2691 entre
490 2654 652 2691 Hem-i
672 2654 732 2691 de
743 2653 914 2690 Rodez
926 2655 975 2690 et
994 2653 1135 2690 Pons
1146 2653 1327 2689 Pierre
1348 2651 1408 2689 de
1420 2651 1624 2698 Ganges

16 2708 30 2722 '’
60 2721 126 2749 au
159 2714 289 2761 eujet
308 2713 368 2761 de
387 2713 436 2750 la
456 2723 633 2751 source
654 2713 715 2750 de
733 2713 931 2750 l'Aveze
951 2714 1002 2750 et
1022 2713 1110 2750 des
1129 2712 1342 2749 moulins
1357 2711 1626 2748 construite

61 2783 150 2810 eux·
168 2782 226 2810 ee
244 2782 490 2810 meseau.

123 2915 256 2959 Anno
282 2914 465 2959 Domini
490 2915 553 2958 M⁰
576 2915 628 2958 IIe
675 2914 1017 2972 septuagesimo
1065 2913 1219 2961 tercio.
1272 2915 1317 2956 et
1342 2914 1502 2967 quarto
1528 2910 1630 2951 idus
