2205 3299
1146 203 1197 207 --
1238 151 1321 218 124*
1344 203 1395 207 -

481 286 703 329 ⁴similiter
730 284 1035 341 pertinenciis,
1064 268 1335 332 introitibus,
1367 287 1411 344 ct
1437 284 1635 326 exitibus
1670 287 1713 326 et
1740 269 1998 338 explechisj'
2077 336 2081 343 ,

550 356 633 407 Qui
662 356 849 412 quidem
872 368 1058 397 mansus
1080 354 1390 397 confrontatur
1403 367 1459 396 ex
1485 368 1577 396 una
1604 358 1729 409 parte
1759 367 1863 396 cum
1891 352 2056 396 manso

489 428 542 468 sle
574 427 886 470 Arcairanicis.
915 430 952 468 el
978 440 1034 468 ex
1056 426 1143 468 alia
1164 438 1268 467 cuin
1289 425 1458 467 honore
1486 425 1638 468 mansi
1661 424 1715 466 cle
1744 424 1789 466 la
1822 423 2047 473 Calmeta‚
2102 442 2108 449 ·

490 502 533 541 ct
561 513 616 539 cx
643 499 727 539 alia
757 512 858 539 vum
888 498 1055 538 limum-v
1083 496 1226 539 uiuusi
1254 496 1309 538 de
1338 496 1567 543 'VillaretQ
1607 499 1648 538 et
1678 511 1734 538 ex
1779 495 1870 538 alia
1921 497 2050 550 parte

491 583 592 613 cum
616 570 782 611 honore
812 569 959 611 mansi
1012 569 1065 610 de
1096 567 1452 621 Pascu.lei·iis,ret
1477 582 1535 608 ex
1573 567 1661 609 aliu
1689 571 1814 622 parte
1842 580 1945 608 cum
1973 565 2055 608 ho-

488 654 594 682 nore
617 639 895 694 aqipennarie
919 638 972 679 de
1001 637 1070 679 las
1106 638 1456 685 Y'ei.s2.s·0nnieras‚
1490 641 1533 679 et
1560 652 1617 679 ex
1643 637 1732 680 alia
1757 650 1860 679 cum
1884 637 2053 679 honore

495 710 641 752 mansi
669 710 723 750 de
751 710 922 750 Bonas.

552 783 668 823 Sunt
693 783 847 823 autem
875 780 963 822 due
991 779 1115 834 pecie
1144 783 1259 821 terre
1305 781 1431 821 extra
1460 779 1616 829 dictas.
1641 777 2046 824 confroutationes,

494 866 581 907 que
610 854 715 893 sunt
741 851 797 893 de
837 851 956 893 (licto
1001 863 1174 897 manso,
1225 850 1472 891 existentes
1499 849 1544 890 in
1595 849 1731 903 podio
1781 850 1941 901 vocato
1975 845 2054 889 del

497 922 617 969 Cres,
642 935 837 978 quarum
860 921 1060 977 quelibet
1095 920 1531 962 confrontatur'cum
1559 919 1748 975 reliqua,
1780 921 1825 960 et
1849 918 2054 975 quelibet

487 993 694 1049 ipsarum
709 992 1021 1034 confrontatur
1042 992 1099 1033 ab
1121 1004 1213 1032 una
1234 993 1360 1046 parte
1381 1003 1485 1032 cum
1507 991 1675 1032 hono‘re
1697 991 1744 1032 B.
1759 989 1826 1032 ‘de
1846 989 2056 1032 Arcaira-

488 1063 615 1106 nicis:
641 1063 730 1106 alia
750 1076 858 1105 vero
886 1075 1042 1105 earum
1069 1060 1379 1103 confrontatur
1404 1074 1508 1103 cum
1535 1061 1651 1103 bolis
1678 1061 1734 1103 de
1772 1060 2048 1109 Cassilliaco;

488 1138 531 1176 et
558 1134 732 1189 reliqua
758 1133 1068 1176 controutatur
1094 1145 1198 1174 cum
1225 1132 1396 1174 honore
1424 1131 1572 1174 mansi
1601 1132 1657 1174 de
1684 1131 1851 1174 Crecio.
1951 1118 1956 1124 ’

552 1206 721 1248 Domus
749 1218 858 1247 vero
882 1203 1083 1259 predicta
1109 1205 1153 1245 et
1187 1205 1311 1245 ortus
1338 1202 1680 1245 confrontantur
1722 1203 1780 1245 ab
1805 1215 1899 1251 una
1922 1203 2050 1257 parte

490 1289 594 1318 cum
622 1275 816 1318 carreria
866 1277 1131 1317 transeunte
1161 1274 1320 1316 subtus
1348 1266 1562 1315 bancium
1613 1273 1719 1315 dicti
1746 1273 1897 1322 castri,
1928 1275 1974 1315 et
1995 1286 2053 1315 ex

485 1348 575 1389 alia
602 1349 729 1402 parte
757 1359 859 1388 cum
912 1345 1081 1388 honore
1109 1344 1213 1387 Gilii
1258 1344 1450 1392 Brocini,
1483 1347 1527 1386 et
1567 1358 1625 1387 ex
1651 1344 1742 1387 alia
1766 1347 1896 1400 parte
1948 1356 2053 1386 cum

490 1418 661 1473 honore
690 1430 829 1472 quem
856 1419 980 1458 tenet
1005 1415 1236 1458 Rainardi.
2025 1403 2029 1405 ⁸

551 1489 604 1532 Et
629 1501 711 1544 pro
756 1486 910 1543 (blanc
936 1486 991 1529 de
1017 1485 1149 1543 0,(92)
1176 1486 1343 1529 solidos
1389 1485 1730 1542 melgorienses,
1761 1489 1805 1530 et
1823 1500 1905 1542 pro
1944 1500 2051 1543 ›pre-

488 1558 782 1602 controntatis
811 1559 946 1600 domo
973 1561 1018 1600 et
1044 1560 1142 1600 orto
1169 1558 1276 1604 IIHor
1304 1557 1514 1600 denarios
1553 1557 1895 1612 melgorienses,
1925 1560 1970 1600 ct
1995 1557 2043 1601 in

488 1631 648 1672 eodem
678 1630 790 1672 festo
820 1628 980 1686 [sancti
1007 1628 1239 1671 Michaelis
1255 1626 1295 1686 12]
1317 1628 1527 1670 similiter
1555 1628 1847 1672 exsolvendis
1875 1628 1993 1685 (Sic).

548 1702 600 1743 Et
620 1714 722 1743 sum
750 1703 794 1742 et
820 1713 919 1742 esse
947 1700 1106 1747 debeo,
1138 1713 1218 1755 pro
1255 1699 1469 1754 predictis
1495 1699 1723 1748 omnibus,
1754 1699 1890 1743 homo
1942 1700 2053 1744 dicti

488 1772 651 1814 nobilis
678 1774 721 1813 et
748 1784 948 1818 suorum,
975 1773 1019 1813 et
1038 1770 1203 1818 fidelis,
1235 1770 1474 1830 et-legaliffi
1500 1772 1544 1812 et
1565 1770 1708 1813 debeo
1728 1770 1875 1814 facere
1901 1784 2053 1816 coma-

487 1842 646 1891 lesam,
679 1841 805 1884 sicud
831 1842 967 1884 ceteri
993 1841 1218 1889 homines,
1243 1840 1501 1883 habitantes
1526 1841 1574 1882 in
1596 1841 1920 1885 mandamento
1941 1842 2054 1885 dicti

485 1913 619 1955 castri
646 1913 701 1954 de
729 1912 963 1960 Brissiaco,
996 1912 1165 1954 faciunt
1185 1914 1229 1953 et
1255 1911 1401 1953 facere
1428 1914 1641 1954 tenentur
1667 1912 1787 1954 dicto
1819 1913 1978 1960 nobili,
2005 1917 2050 1956 et

486 1983 580 2026 suis
607 1983 968 2026 antecessoribus
996 1982 1143 2025 facere
1171 1985 1522 2024 consueverunt.
2000 1979 2004 1981 ⁴

546 2054 597 2096 Et
624 2055 679 2097 de
707 2054 919 2109 presenti,
950 2053 1095 2102 vobis,
1127 2053 1275 2095 eidem
1311 2053 1496 2095 domino
1518 2054 1765 2097 Bertrando
1812 2039 2048 2111 recipienti

486 2128 530 2167 et
557 2124 807 2180 stipulanti,
828 2124 962 2166 flexis
982 2124 1174 2178 genibus
1221 2126 1264 2165 et
1307 2122 1473 2178 junctis
1521 2125 1748 2174 manibus,
1781 2125 2047 2181 homagium

484 2196 598 2239 facio
626 2198 668 2237 et
695 2195 966 2238 fidelitatem
987 2194 1102 2250 juro;
1126 2197 1179 2248 =et
1206 2194 1244 2237 si
1265 2194 1368 2249 plus
1396 2195 1558 2236 scirem
1609 2196 1731 2251 quod
1776 2197 1834 2239 ab
1885 2197 2048 2240 eodem

483 2267 624 2310 nobili
640 2270 856 2314 tenerem,
876 2266 949 2308 vel
970 2280 1050 2321 pro
1072 2265 1284 2321 predictis
1310 2265 1406 2308 sive
1428 2279 1509 2320 pro
1530 2265 1631 2308 aliis
1652 2266 1796 2310 facere
1814 2267 2045 2317 deberem,

486 2338 598 2379 illud
626 2337 727 2392 plus
756 2337 906 2379 eidem
933 2339 976 2378 et
1003 2336 1097 2379 suis
1136 2336 1333 2378 facerem
1379 2338 1422 2378 et
1448 2349 1831 2392 recognoscerem,
1861 2351 1965 2381 cum
1991 2340 2050 2382 ad

488 2408 577 2450 mei
600 2407 813 2449 noticiam
841 2407 1121 2449 devenirent.

545 2550 596 2591 Et
624 2562 703 2591 nos
726 2548 848 2590 idem
871 2549 937 2590 Bt.
970 2549 1219 2604 predictam
1242 2549 1594 2604 recognitionem
1617 2550 1811 2593 nomine·
1826 2553 2049 2607 sepedicti

480 2619 644 2662 nobilis
673 2619 931 2673 recipimus,
958 2619 1086 2661 salvo
1116 2620 1159 2660 in
1186 2619 1399 2661 omnibus
1426 2619 1523 2674 jure
1552 2634 1648 2663 suo.

540 2691 652 2732 Acta
679 2689 859 2732 fuerunt
887 2690 969 2731 hec
993 2689 1124 2744 juxta
1149 2690 1316 2732 collum
1343 2690 1476 2732 castri
1504 2689 1712 2746 predicti,
1768 2692 1813 2734 in
1841 2693 1937 2736 loco
1959 2707 2040 2736 vo-

485 2763 582 2803 cato
610 2759 661 2801 al
684 2758 837 2807 Hocol,
870 2773 1020 2816 coram
1055 2761 1113 2802 ad
1140 2761 1223 2802 hoc
1250 2761 1420 2803 vocatis
1447 2763 1491 2802 et
1519 2762 1683 2815 rogatis
1713 2763 1917 2814 testibus,
1948 2763 2036 2807 sci-

486 2832 586 2873 licet
616 2830 837 2873 Rainaldo
859 2831 914 2872 de
937 2831 1148 2873 Mairosio
1174 2830 1448 2886 jurisperito,
1473 2832 1523 2872 R.
1550 2831 1604 2873 dc
1627 2833 1765 2874 Bosco
1787 2819 2043 2883 domicello,
