2040 3404
755 245 805 251 -x
835 219 917 263 4321
951 247 1001 252 .-

96 324 217 368 dicta
239 326 467 375 animalis„
501 330 545 368 et
574 339 662 368 non
686 330 924 370 teneantur
949 328 1124 371 solvere
1148 329 1364 372 bannum.

156 395 267 438 Item
288 400 602 439 convenerunt
622 397 741 454 quod
771 399 958 453 predicti
986 399 1066 441 Bn.
1099 399 1218 442 Petri
1239 404 1283 442 et·
1303 399 1432 457 Hugo
1453 401 1508 444 de
1529 400 1647 444 Mon-

96 465 262 510 teolivo
289 467 513 510 domicelli
536 467 736 524 pariarii,
757 469 811 510 de
834 469 1065 512 voluntate
1093 470 1313 514 dictorum
1335 471 1571 515 hominum
1596 471 1651 515 de

94 535 381 586 Monteolivo‚
412 539 602 594 possint,
628 539 810 582 nomine
834 553 915 583 suo
942 543 986 583 et
1015 541 1197 584 nomine
1224 541 1416 585 aliorum
1468 543 1653 599 pariari-

94 621 223 651 orum
250 612 294 652 et
321 609 521 665 ipsorum
560 610 812 653 hominum.
845 614 1031 655 tractare
1058 615 1103 656 et
1127 612 1351 662 ordinare,
1382 627 1483 656 cum
1528 614 1653 657 curia.

94 680 230 736 regali
260 680 399 724 Salvii
427 694 507 724 seu
533 694 636 723 cum
664 681 864 737 predicto
892 682 1076 725 domino
1103 683 1256 739 bajulo
1285 684 1426 728 Salvii
1454 699 1534 741 pro
1574 685 1654 728 do-

95 750 220 794 mino
247 764 363 807 rege,
401 751 457 794 de
486 752 635 794 banno
685 752 879 794 comisso
907 766 986 795 seu
1014 754 1289 798 comittendo
1318 755 1373 798 de
1425 759 1555 799 nocte
1607 756 1653 798 in

93 822 212 865 dicta
238 822 484 878 parrochia;
516 822 578 865 ita
603 822 724 878 quod
777 823 946 865 dictum
975 824 1175 867 bannum
1204 825 1259 868 de
1304 829 1449 875 nocte,
1481 840 1561 883 pro
1602 841 1649 870 se

92 896 135 936 et
162 893 256 936 suis
279 893 483 949 pariariis
511 897 554 936 et
575 893 705 936 dictis
734 893 1013 941 hominibus,
1046 899 1089 937 et
1128 896 1183 938 de
1211 909 1369 938 eorum
1397 897 1646 945 voluntate,

89 964 136 1007 in
165 967 287 1020 parte
315 965 386 1007 vel
414 965 459 1006 in
488 967 592 1008 toto.
625 965 800 1020 possint
825 965 935 1007 dare
962 965 1148 1008 domino
1176 969 1327 1010 nostro
1354 968 1464 1024 regi.

150 1036 260 1078 Item
283 1038 605 1082 convenerunt,
631 1036 686 1077 de
710 1036 941 1078 voluntate
957 1037 1161 1079 omnium
1186 1037 1504 1093 predictorum,
1528 1039 1648 1095 quod

89 1106 127 1149 si
159 1106 383 1149 voluerint
408 1120 605 1149 crescere
633 1120 715 1149 seu
750 1110 1044 1162 augmentare
1073 1108 1276 1150 bannum
1304 1108 1359 1151 de
1407 1109 1648 1152 duodecim

89 1177 286 1220 denariis
315 1178 357 1219 in
385 1177 561 1220 roveria
588 1180 747 1220 vocata
773 1178 827 1219 de
856 1178 1172 1226 Montilirreza‚
1204 1179 1325 1235 quod
1352 1179 1435 1223 hoe
1473 1180 1649 1236 possint

87 1248 248 1295 facere,
277 1262 418 1305 usquc
446 1249 503 1290 ad
531 1261 758 1291 summam
790 1252 965 1290 tantum
994 1249 1195 1305 quinque
1224 1250 1472 1294 solidorum
1527 1255 1648 1294 turo-

88 1319 316 1368 nensium,
347 1322 391 1362 et
419 1333 509 1362 non
536 1319 666 1362 ultra.
777 1320 784 1329 '

146 1391 257 1433 ltem
285 1394 593 1433 convenerunt
618 1390 740 1447 quod
769 1390 918 1433 nullus
946 1391 1003 1433 sit
1023 1404 1162 1434 ausus
1190 1391 1430 1435 deruscare
1461 1393 1645 1435 arbores

86 1461 131 1503 in
151 1461 304 1517 atiquo
333 1462 426 1504 loco
454 1460 571 1503 dicte
599 1461 831 1516 parrochie
859 1461 915 1503 de
942 1461 1232 1510 Monteolivo,
1264 1462 1351 1505 nisi
1372 1462 1455 1506 hoc
1481 1463 1648 1506 faceret

85 1533 131 1574 in
164 1546 246 1574 suo
273 1532 468 1587 proprio.
499 1531 652 1587 aliquo
680 1534 898 1586 tempore,
929 1532 1014 1574 sub
1043 1545 1161 1587 pena
1187 1532 1325 1575 banni
1352 1533 1553 1590 quinque
1576 1547 1646 1577 so-

87 1603 282 1646 lidorum
311 1602 637 1645 turonensium.

143 1675 254 1717 Item
281 1677 591 1716 convenerunt
616 1673 738 1730 quod
767 1673 954 1729 predicti
983 1673 1165 1730 pariarii
1193 1677 1237 1716 et
1264 1675 1453 1730 predicti
1500 1676 1644 1719 homi-

84 1758 166 1788 nes
193 1748 426 1801 presentes
453 1743 608 1786 omnia
635 1743 834 1800 predicta
868 1744 1081 1787 universa
1121 1747 1164 1786 et
1191 1745 1382 1800 singula,
1412 1750 1546 1802 prout
1571 1760 1646 1789 su-

84 1817 235 1872 perius
261 1820 367 1858 sunt
392 1829 623 1871 expressa,
655 1819 747 1858 tam
775 1815 881 1858 dicti
906 1815 1088 1871 pariarii
1115 1819 1349 1871 presentes
1407 1830 1542 1872 quam
1566 1817 1646 1860 hc-

86 1888 229 1930 mines
255 1886 486 1943 parrochie
535 1887 731 1942 predicte
759 1886 814 1928 de
859 1886 1133 1929 Monteolivo
1178 1886 1343 1929 facient
1363 1890 1408 1930 et
1435 1901 1644 1944 procura-

82 1960 196 2002 bunt
238 1958 413 2000 laudari
455 1961 500 2001 et
532 1958 791 2013 approbari,
840 1956 1042 2013 quelibet
1068 1970 1170 2012 pars
1190 1958 1247 1999 ad
1301 1958 1641 2014 requisitionem

80 2030 266 2073 alterius
295 2029 448 2086 partis,
498 2032 588 2071 tam
619 2027 825 2083 pariariis
870 2028 975 2070 dicti
1003 2028 1136 2070 castri
1185 2041 1324 2084 quam
1376 2029 1638 2072 hominibus

80 2101 196 2144 dicte
226 2100 455 2156 parrochie
477 2099 554 2156 qui
577 2101 809 2154 presentes
832 2112 920 2140 non
947 2098 1132 2141 fuerunt
1158 2099 1203 2140 in
1225 2100 1452 2154 predictis.

140 2173 193 2215 Et
221 2173 278 2214 ita
302 2170 500 2226 predicta
527 2171 681 2212 omnia
709 2169 922 2211 universa
950 2173 994 2212 et
1022 2170 1201 2224 singula
1226 2183 1385 2213 omnes
1431 2170 1635 2226 predicti,

81 2244 288 2299 superius
310 2242 530 2284 nominali
559 2243 806 2296 presentes,
827 2244 1016 2296 excepto
1038 2241 1155 2283 dicto
1183 2240 1372 2283 Fredolo
1394 2241 1448 2283 de
1471 2241 1636 2287 Rocha.

78 2314 309 2357 attendere
332 2316 373 2355 et
394 2312 633 2366 complere,
656 2314 805 2353 tenere
835 2315 877 2352 et
898 2324 1094 2359 servare,
1125 2315 1169 2353 et
1194 2315 1348 2353 contra
1369 2325 1459 2353 non
1483 2312 1639 2354 venfre

78 2385 229 2440 aliquo
254 2384 351 2439 jure
374 2384 443 2425 vel
471 2384 624 2439 aliqua
652 2382 823 2424 ratione
852 2395 930 2424 scu
957 2395 1107 2430 eausa,
1140 2382 1226 2424 sub
1247 2381 1519 2438 obligatione
1540 2395 1637 2425 om-

79 2456 205 2498 nium
222 2456 441 2497 bonorum
458 2466 659 2501 suorum,
679 2452 763 2494 sibi
778 2452 895 2495 inter
909 2466 956 2495 se
975 2453 1281 2508 promiserunt
1297 2457 1341 2495 et
1354 2452 1633 2508 juraverunt.

78 2526 205 2569 tactis
231 2527 288 2568 ab
315 2525 380 2568 eis
407 2529 451 2567 et
483 2524 686 2581 quolibet
729 2523 994 2566 eorumdem
1046 2523 1340 2579 corporaliter
1389 2523 1638 2578 evangeliis

76 2600 268 2652 quatuor
286 2596 596 2643 sacrosanctis,
628 2595 711 2636 sub
731 2596 879 2638 onnis
899 2594 1011 2650 juris
1030 2594 1374 2637 renunciacione
1397 2596 1441 2637 et
1459 2594 1636 2637 cautela

76 2666 172 2709 sine
200 2670 354 2709 tamen
380 2666 504 2709 02nni
530 2666 780 2722 prejudicio
806 2665 928 2708 curie
956 2665 1130 2707 domini
1160 2664 1300 2707 nostri
1330 2666 1460 2719 regis.

134 2737 242 2780 Item
268 2738 506 2780 voluerunt
532 2740 575 2779 et
601 2740 920 2780 concesserunt
945 2749 1104 2779 omnes
1134 2736 1322 2791 predicti
1376 2738 1624 2791 presentes,

75 2808 281 2863 superius
309 2808 545 2856 nominati,
579 2807 731 2855 michi,
766 2807 939 2849 notario
967 2806 1270 2862 infrascripto,
1300 2806 1422 2862 quod
1449 2805 1505 2847 de
1534 2819 1634 2860 pre-

87 2877 231 2926 dictis,
261 2879 316 2920 ad
346 2878 685 2935 requisitionem
715 2878 956 2934 cujuslibet
995 2877 1167 2931 possint
1195 2876 1466 2934 (zpossim)
1497 2875 1634 2917 confi-

240 2959 331 2992 Cart.
354 2960 396 2990 de
418 2960 505 2998 Mag.
530 2961 565 2991 Τ.
590 2960 634 2990 ¹11
1359 2957 1395 2986 6¹
