2205 3299
1243 159 1490 201 -128—

990 371 1208 414 DCCXVI.
1242 397 1295 402 ——
1323 371 1350 413 9
1377 351 1626 414 novembre
1656 371 1770 413 1260

634 514 1074 550 Reoonnaissance
1113 513 1232 549 faite
1252 513 1282 548 ὲ,
1318 513 1479 549 Hem-i
1501 513 1560 549 de
1598 513 1784 556 Rode-z,
1820 512 2051 558 seigneux·
2089 511 2149 548 de

587 574 809 616 Brissae,
832 573 895 607 du
914 582 1022 608 mas
1044 572 1103 608 de
1123 572 1435 618 Brissaguet.

646 717 812 758 Notnm
838 716 897 759 sit
932 716 1202 759 omnibus...
1233 716 1355 773 quod
1394 730 1513 759 anno
1541 715 1774 758 Dominice
1825 701 2149 758 Ilicarnationis

587 786 649 829 M⁰
677 787 989 830 ducentesimo
1017 787 1371 842 septuagesimo,
1428 787 1599 829 scilicet
1624 786 1680 827 Ψ
1707 786 1824 841 ydus
1868 785 2162 841 novembris„

576 870 658 913 ego
685 857 955 901 Guillelmus
982 856 1036 899 de
1065 856 1110 899 la
1137 857 1302 906 Barra,
1326 857 1554 900 habitator
1597 855 1732 898 castri
1776 856 1832 898 de
1872 855 2145 899 Brissiaco...

577 941 901 982 recognosco...
933 928 1063 971 vobis
1086 928 1271 971 domino
1299 918 1545 970 Bertrando
1571 927 1627 969 de
1655 926 2053 973 Montedesiderio,
2085 929 2151 969 te-

579 998 707 1041 nenti
733 999 882 1041 locum
911 998 1075 1042 nobilis
1103 998 1189 1040 viri
1216 998 1390 1040 domini
1417 998 1640 1045 Haenrici‚
1672 997 1756 1039 filii
1808 997 1983 1040 domini
2009 998 2151 1040 comi-

578 1069 638 1112 tis
666 1069 987 1117 Ruthenensis‚
1018 1069 1066 1110 in
1092 1071 1213 1111 terra
1240 1071 1284 1111 et
1310 1069 1496 1111 baronia
1524 1069 1579 1110 de
1618 1067 1849 1111 Rocal‘olio
1876 1068 2077 1124 exigenti
2105 1070 2151 1110 et

578 1139 818 1195 recipienti
845 1140 927 1181 hec
952 1139 1239 1195 infrascripta
1266 1140 1450 1182 nomine
1478 1140 1597 1195 ipius
1624 1139 1790 1182 nobilis
1829 1143 1874 1183 et
1898 1154 1980 1196 pro
2030 1141 2144 1197 ipso;

578 1214 623 1254 et
643 1210 788 1253 sciens
804 1224 886 1253 vos
908 1211 1075 1253 habere
1092 1210 1286 1266 speciale
1309 1211 1578 1253 mandatum
1595 1211 1652 1253 ab
1673 1211 1832 1253 eodem
1849 1212 1905 1254 de
1926 1211 2150 1268 recipien-

581 1282 651 1324 dis
678 1281 1061 1336 recognitionibus
1089 1284 1133 1323 et
1158 1281 1391 1323 laudimiis
1418 1281 1636 1323 faciendis
1664 1295 1744 1336 pro
1771 1281 1870 1337 ipso
1896 1286 1941 1325 et
1959 1283 2143 1325 nomine

583 1366 680 1400 suo,
712 1352 759 1394 in
787 1352 918 1394 dictis
959 1355 1078 1395 terra
1104 1355 1149 1394 et
1174 1353 1376 1401 baronia3
1427 1365 1500 1394 me
1528 1355 1695 1400 tenere,
1750 1365 1878 1395 meos
1929 1338 2150 1409 perpetuo

577 1436 858 1466 successores
880 1423 1045 1465 dehere
1074 1426 1119 1465 et
1138 1423 1256 1465 velle
1281 1427 1432 1465 tenere
1462 1437 1489 1465 a
1509 1423 1630 1466 dicto
1657 1423 1817 1471 nobili,
1850 1426 1895 1466 et
1919 1427 2023 1479 post
2043 1438 2148 1467 eum

575 1507 603 1536 a
623 1493 717 1536 suis
747 1493 1086 1536 successoribus
1122 1494 1170 1535 in
1198 1496 1447 1549 posterunn
1479 1497 1524 1536 et
1551 1493 1694 1536 eciam
1715 1507 1743 1536 a
1770 1494 1865 1536 suis
1888 1498 2150 1538 antecesso-

575 1565 702 1607 ribus
724 1564 926 1607 tenuisse
953 1564 1000 1606 in
1028 1564 1232 1612 feudum,
1265 1567 1309 1606 et
1336 1565 1421 1606 sub
1450 1564 1548 1619 ejus
1576 1567 1798 1606 eteorum
1834 1565 1970 1620 pleno
1997 1566 2147 1609 domi·
2180 1584 2185 1596 1

578 1636 670 1683 nio,
701 1635 937 1682 laudimio,
969 1648 1095 1677 mero
1122 1637 1257 1689 atque
1285 1635 1431 1677 mixto
1458 1635 1666 1689 imperio,
1722 1635 1992 1679 omnimoda
2013 1636 2149 1692 juris-

574 1705 776 1748 diccione
798 1708 842 1747 et
862 1705 1084 1747 districtu.
1116 1708 1159 1747 et
1186 1718 1340 1752 censu,
1371 1705 1602 1760 homagio,
1636 1707 1679 1747 et
1701 1705 1803 1748 aliis
1824 1705 1944 1749 infra
1964 1707 2146 1762 plenius

578 1776 920 1832 expressandis:

633 1847 855 1889 Videlicet
881 1848 1131 1902 quemdam
1163 1860 1377 1889 mansum
1405 1861 1509 1890 culn
1554 1848 1766 1890 omnibus
1795 1847 2001 1903 ejusdem
2048 1862 2147 1904 per-

570 1917 790 1965 tinentiis,
822 1917 1084 1960 introitibus
1113 1920 1158 1960 et
1213 1917 1431 1966 exitibus,
1462 1918 1730 1973 explechiis,
1763 1919 1993 1967 domibus,
2023 1923 2157 1962 cesai

577 1988 760 2035 mentis,
790 1988 915 2035 ortis,
972 1988 1224 2043 parraneis‚
1280 1988 1412 2030 terris
1435 1989 1567 2030 cultis
1595 1992 1639 2031 et
1689 1988 1885 2037 incultis,
1942 1991 2140 2045 pascuis,

570 2059 835 2101 nemoribus
858 2061 902 2101 et
928 2059 1029 2100 aliis
1050 2060 1264 2101 omnibus
1293 2059 1386 2101 suis
1407 2058 1601 2114 juribus.
1635 2060 1837 2115 exceptis
1860 2060 2142 2116 quibusdam
2195 2104 2198 2105 γ

571 2129 712 2185 peciis
741 2132 873 2177 terre,
903 2143 1017 2185 quas
1046 2130 1116 2171 Br.
1150 2130 1325 2172 Merula
1353 2132 1474 2172 tenet
1501 2129 1619 2172 infra
1646 2130 1819 2172 dictum
1849 2143 2078 2179 mansum:

630 2200 713 2251 Qui
740 2200 928 2256 quidem
981 2213 1167 2242 mansus
1195 2204 1381 2242 vocatur
1409 2214 1596 2243 mansus
1642 2202 1696 2242 de
1725 2201 1957 2258 Bra-aye&
1988 2206 2032 2245 et-
2077 2206 2146 2245 est

568 2272 746 2326 positus
772 2271 818 2312 in
846 2271 1083 2326 parrochia
1112 2272 1263 2313 Sancti
1291 2272 1464 2314 Nazarii
1492 2272 1547 2313 de
1575 2272 1768 2315 Centum
1801 2274 2036 2320 Fontibus:

629 2343 742 2383 Cum
760 2343 907 2391 (zet)
929 2342 1242 2384 confrontatur
1269 2356 1327 2384 ex
1348 2356 1437 2384 una
1460 2345 1584 2397 parte.
1608 2356 1711 2385 cuin
1734 2344 1902 2387 honore
1926 2346 2143 2388 Bel-nardi

565 2412 685 2454 Petri
712 2412 767 2454 de
796 2413 1085 2461 Monteolivo,
1117 2416 1160 2455 ct
1187 2427 1245 2455 ex
1271 2413 1359 2455 alia
1385 2426 1489 2455 cum
1517 2413 1593 2455 via
1615 2414 1798 2468 publica
1820 2428 1908 2469 quc
1937 2419 2093 2458 movet
2118 2430 2146 2459 a
2204 2409 2205 2412 ¹

561 2483 680 2525 dicto
702 2485 848 2524 castro
871 2486 914 2524 et
938 2483 1079 2524 tondit
1097 2496 1258 2525 versus
1280 2485 1499 2526 Sanctum
1524 2484 1807 2532 Villclmunl,
1829 2499 1886 2527 ex
1907 2486 1997 2528 alia
2016 2490 2143 2541 parte

564 2566 668 2595 cum
689 2553 857 2594 honore
897 2553 1041 2595 mansi
1071 2552 1127 2595 cle
1157 2553 1201 2594 la
1229 2553 1323 2595 Foz
1368 2554 1567 2609 quadam
1597 2554 1672 2596 via
1698 2555 1984 2603 intermedia,
2017 2560 2061 2598 ct
2087 2570 2144 2600 cx

566 2624 656 2667 alia
682 2636 786 2665 cum
814 2624 1094 2666 Ausscdatis.

625 2695 678 2737 Et
698 2707 779 2749 pro
807 2693 1172 2749 prcconlrontato
1201 2708 1375 2742 manso,
1402 2699 1563 2737 teneor
1589 2695 1735 2737 facere
1765 2697 1885 2739 dicto
1926 2697 2066 2740 nobili
2095 2711 2144 2752 Gt

564 2765 659 2807 suis
688 2764 925 2817 albergam
974 2765 1083 2806 1111οΓ
1114 2765 1309 2806 militum
1341 2765 1532 2820 singulis
1560 2766 1709 2814 annis;
1741 2769 1784 2808 et
1815 2781 1918 2809 sum
1948 2770 1992 2810 et
2041 2782 2142 2811 esse
