2107 3404
703 211 953 256 -279—

51 322 384 381 Magalonensis
423 320 678 378 episcopus,
732 333 814 377 per
839 331 921 363 nos
947 320 993 363 et
1017 320 1101 376 per
1129 317 1290 363 omnes
1328 329 1609 363 successores

55 397 233 439 nostros
257 395 439 448 recepto
483 390 694 448 primitus
713 390 968 446 juramento
994 388 1052 434 ad
1079 386 1250 433 'sancta
1273 386 1354 432 D'ei
1374 385 1613 446 evangelia

0 510 3 514 ,
57 478 86 509 a
104 467 161 512 te,
190 463 384 507 Martino
410 460 662 509 Amblardi‚
693 460 749 503 de
778 459 1015 517 parrochia
1034 459 1170 503 Beate
1194 457 1335 502 Marie
1361 459 1416 502 de
1442 459 1614 504 Cerccl·

0 573 7 581 .
55 535 168 579 lecio
193 534 250 577 de
275 532 402 576 Valle
423 530 804 580 Montisferrandi‚
835 530 1047 574 videlicet
1083 528 1140 574 de
1159 527 1372 573 habendo
1398 532 1441 574 te
1467 529 1613 575 fideli-

11 618 22 627 ·
54 608 125 649 ter
157 606 375 661 perpetuo
400 602 445 645 in
472 601 792 645 tabellionatus
819 614 899 645 seu
949 600 1123 645 notarie
1167 600 1335 650 officio,
1366 603 1411 644 et
1436 601 1492 644 de
1519 615 1612 645 ser·

58 675 220 719 vandis
246 676 291 716 et
315 672 534 716 faciendis
583 672 797 715 omnibus
845 675 889 715 et
915 671 1105 728 singulis
1154 673 1374 728 perpetuo
1419 668 1615 716 fideliter

57 748 102 790 et
128 745 225 788 sine
251 743 376 787 omni
397 742 570 791 fraude,
593 756 680 799 que
708 742 899 798 quilibet
923 741 1106 786 tabellio
1132 755 1214 786 seu
1239 741 1442 786 notarius
1467 741 1615 787 bonus

57 819 104 869 et
127 814 356 871 legitimus
383 827 563 857 servare
590 816 635 856 et
659 812 805 856 facere
850 813 1000 861 debet,
1053 825 1276 862 creamus.
1329 813 1611 863 ordinamus.

57 885 250 930 facimus
300 887 348 927 et
398 883 714 927 constituimus
763 886 822 931 te,
869 883 1040 925 dictum
1089 882 1333 927 Martinum
1383 883 1621 928 Amblardi

56 956 285 1002 clericum,
315 955 544 998 notarium
571 957 778 997 nostrum
805 955 849 996 et
876 953 1016 996 tocius
1054 956 1171 996 terre
1198 956 1350 996 nostre
1376 954 1616 997 comitatus

0 1044 21 1087 ξ
56 1025 199 1071 nostri
247 1025 450 1081 Melgorii
475 1027 520 1067 et
562 1023 942 1072 Montisferrandi,
996 1024 1228 1081 tociusque
1266 1023 1452 1068 alterius
1502 1026 1617 1068 terre

58 1099 224 1144 nostre,
254 1109 428 1138 necnon
455 1094 596 1138 tocius
623 1095 816 1137 diocesis
861 1096 1012 1138 nostre
1062 1094 1410 1150 Magalonensis.
1441 1095 1488 1138 in
1523 1089 1614 1138 ‘hiis

50 1181 146 1225 'que
173 1167 231 1210 ad
259 1180 338 1209 nos
365 1168 572 1221 spectant
597 1178 678 1207 seu
705 1166 930 1221 pertinere
956 1178 1092 1208 noscu
1111 1170 1212 1220 itur.

119 1238 287 1281 Dantes
314 1237 418 1279 inde
469 1239 513 1279 et
538 1236 836 1279 concedentes
887 1236 968 1280 tibi
996 1237 1179 1293 plenam
1206 1237 1522 1281 auctoritatem
1571 1239 1618 1281 et

60 1320 244 1366 omnem
295 1309 583 1364 potestatem,
614 1307 835 1363 quamdiu
862 1307 1048 1355 vixeris,
1073 1310 1117 1350 et
1156 1307 1351 1350 fideliter
1376 1311 1421 1351 et
1470 1308 1622 1352 debite
1659 1320 1661 1323 ·

11 1396 23 1435 ;·
63 1391 116 1422 ac
154 1377 435 1421 sufficienter
462 1381 502 1419 le
529 1377 743 1420 habueris
771 1377 816 1419 in
860 1377 1010 1419 officio
1039 1381 1304 1425 memorato,
1359 1379 1619 1434 recipiendi,

0 1455 21 1486 ἵ,
63 1448 332 1492 conficiendi
378 1450 422 1490 et
472 1448 697 1490 scribendi
723 1448 925 1504 quelibet
951 1448 1131 1503 publica
1175 1449 1491 1497 instrumenta,
1521 1448 1627 1492 scri-

17 1543 31 1555 -·
65 1519 293 1575 bendique
337 1522 438 1561 acta
486 1531 538 1561 ac
584 1518 862 1566 testationes,
911 1518 1232 1574 inquisiciones
1277 1521 1321 1561 et
1346 1519 1500 1562 omnia
1537 1518 1626 1561 alia

14 1586 29 1641 ἶ
65 1589 245 1646 scripta,
274 1592 368 1631 tam
395 1589 576 1645 public-a
601 1602 742 1645 quam
770 1589 963 1644 privata,
994 1602 1083 1645 que
1109 1589 1303 1646 quilibet
1327 1590 1491 1638 bonus,
1516 1589 1624 1645 legi-

0 1652 21 1716 J
68 1661 207 1704 timus
234 1662 279 1702 et
306 1659 456 1703 fidelis
485 1660 685 1702 notarius
708 1662 854 1714 potest
881 1673 960 1702 seu
981 1660 1117 1702 debet
1141 1660 1355 1716 recipere,
1404 1660 1624 1703 conficere

8 1743 12 1746 ’
68 1744 147 1775 seu
174 1731 382 1778 scribere,
413 1743 493 1773 seu
521 1730 657 1772 etiam
685 1729 831 1772 facere
854 1743 1036 1786 quoquo
1063 1730 1216 1780 modo;

126 1800 426 1859 Firmiter-que
454 1800 697 1844 statuimus
724 1801 878 1843 omnia
903 1803 947 1844 et
986 1801 1179 1856 singula,
1209 1815 1298 1858 que
1324 1815 1405 1858 per
1446 1804 1505 1850 te,
1537 1801 1628 1843 dic-

68 1874 167 1915 tum
192 1872 450 1914 Maurinum
483 1871 585 1925 (sic)
607 1871 858 1919 Amblardi,
890 1874 940 1913 ut
971 1872 1199 1914 notarium
1228 1885 1305 1915 seu
1335 1864 1629 1915 tabellionem

13 1955 38 1983 x
70 1944 292 1990 nostrum,
325 1944 508 1997 recepta
558 1955 639 1984 seu
665 1941 867 1984 confecta
916 1941 1099 1990 fuerint,
1132 1942 1222 1985 ullo
1257 1945 1477 1999 tempore,
1531 1942 1630 1986 sive

22 2008 34 2050 ².
72 2012 252 2068 scripta,
284 2012 451 2054 habere
497 2014 541 2054 et
566 2011 771 2054 obtinere
799 2012 1006 2068 perpetui
1033 2013 1110 2067 (z
1127 2015 1414 2069 perpetuam)
1441 2012 1632 2056 firmita-

14 2069 35 2083 ”
71 2083 180 2131 tem,
204 2085 296 2126 tam
324 2082 371 2124 in
395 2081 562 2138 judicio
589 2095 729 2140 quam
750 2086 879 2126 extra
902 2083 1139 2139 judicium,
1170 2086 1214 2127 et
1239 2083 1425 2141 ubique,

29 2145 42 2162 ‘
131 2153 324 2196 Perinde
351 2153 538 2209 insuper
562 2153 775 2196 vo'lumus
801 2156 846 2196 et
869 2153 1176 2203 concedimus,
1206 2153 1330 2212 quod
1367 2166 1528 2199 omnes
1553 2152 1632 2197 ho-

75 2223 223 2266 mines
250 2223 392 2266 nostri
419 2227 555 2279 atque
605 2222 815 2272 feudarii‚
846 2227 891 2267 et
917 2224 1110 2281 quilibet
1154 2224 1231 2268 alii
1258 2225 1428 2268 subditi
1471 2223 1630 2272 nostri,

76 2307 251 2337 necnon
294 2293 571 2350 quicumque
599 2293 676 2336 alii
721 2294 964 2343 voluerint,
996 2295 1171 2351 possint
1196 2298 1241 2338 et
1289 2295 1485 2338 debeant
1510 2294 1568 2338 ad
1589 2296 1633 2337 te

27 2359 47 2419 ‘g
76 2364 231 2408 venire
252 2366 296 2407 et
321 2377 548 2406 recurrere
572 2378 654 2419 pro
680 2364 969 2420 recipiendis,
995 2365 1288 2409 conficiendis
1315 2368 1359 2408 et
1385 2364 1634 2408 scribendis

25 2426 289 2500 &omnibus
335 2437 379 2477 et
406 2435 599 2490 singulis
652 2435 921 2490 supratactis
948 2437 1024 2492 (=
1035 2449 1174 2492 supra
1198 2436 1343 2491 actis),
1374 2439 1424 2478 ut
1448 2436 1508 2479 ad
1533 2448 1638 2478 nos-

26 2497 62 2573 2}
78 2507 198 2548 trum
226 2504 453 2547 notarium
498 2505 746 2560 publicum,
802 2508 894 2548 toto
923 2509 1125 2562 tempore
1151 2506 1243 2549 vite
1294 2509 1384 2555 tue,
1415 2504 1636 2563 quamdiu

23 2589 62 2636 ’ς
79 2575 195 2618 bene
221 2578 266 2618 et
290 2574 489 2617 fideliter
533 2579 578 2618 et
622 2575 904 2618 sufficienter
930 2579 972 2618 te
1000 2577 1214 2620 habueris
1262 2577 1309 2619 in
1334 2576 1486 2620 officio
1512 2579 1638 2619 ante-

22 2640 211 2705 ²jdicto.

28 2758 74 2857 Ξ.
142 2786 196 2830 Et
219 2798 302 2842 ego
322 2786 468 2829 dictus
495 2787 713 2831 Martinus
763 2788 1014 2837 Amblarffl,
1045 2789 1267 2845 recipiens
1310 2802 1413 2832 cum
1451 2788 1641 2832 accioni-

29 2856 171 2930 ss'Qhus
216 2857 463 2912 gratiarum
493 2858 743 2912 predictum
768 2859 971 2902 officium
1013 2860 1201 2908 notarie,
1232 2861 1444 2915 promitto
1493 2858 1637 2905 vobis,

31 2933 71 2996 3⁷2<

32 3018 74 3133 {e

38 3193 47 3202 n

38 3210 60 3234 1

32 3321 95 3404 ’ξι
