2040 3404
724 131 973 175 -645-

70 231 218 288 quasi,
244 232 483 283 inducatis,
509 240 550 278 et
578 238 783 281 omnium
808 239 992 295 jurium,
1022 253 1110 296 que
1137 240 1349 284 dominus
1377 244 1528 286 noster
1543 255 1626 286 rex

69 300 117 344 in
145 302 263 346 dicto
289 307 434 347 castro
461 308 504 348 et
556 306 652 362 ejus
689 309 894 353 districtu
921 313 967 353 et
1009 310 1210 367 baylivia
1257 311 1468 362 hahebat,
1496 312 1626 369 juxta

71 374 430 425 extimationem,
456 377 503 418 in
529 379 689 421 assisia
708 371 797 435 ¹per
820 394 901 424 nos
928 380 1045 424 facta
1063 385 1336 425 contentam.

126 443 265 488 Vobis
291 446 427 491 enim.
469 447 637 491 vicario
689 440 920 500 S‘umidriL
949 452 1022 495 vel
1072 455 1223 496 vestro
1259 453 1406 496 locum
1433 456 1619 503 tenenti,

69 515 341 560 mandamus
367 521 591 574 quatenus
635 521 804 563 dictum
854 522 1090 565 dominum
1117 524 1378 580 episcopum
1429 525 1625 580 Magalo-

67 599 256 637 nensem
283 588 355 630 vel
381 588 478 644 ejus
530 590 918 650 mandat[ari]um,
944 594 989 635 in
1027 593 1360 649 possessionem
1411 596 1624 640 villarum

68 656 227 702 Sancte
254 659 406 702 Crucis
427 662 470 702 et
490 660 545 702 de
566 661 848 711 Fontanesio,
880 674 924 706 et
943 665 1079 706 totius
1109 665 1337 709 districtus
1358 668 1622 723 earumdem

64 728 112 773 in
133 732 410 788 corporalem
439 732 511 775 vel
550 737 694 788 quasi.
726 735 950 779 inducatis
971 737 1321 791 possessionem.
1347 741 1391 780 et
1415 739 1623 783 omnium

61 803 245 859 jurium,
264 817 351 860 qne
373 805 584 847 dominus
606 809 757 848 noster
770 820 850 848 rex
871 807 916 848 in
932 807 1060 850 dictis
1077 807 1195 850 villis
1211 812 1255 851 et
1270 822 1427 851 carum
1443 809 1622 852 distric-

63 877 185 920 tibus
229 877 427 920 habebat
472 876 602 931 juxta
632 877 967 920 estimationem
1015 878 1059 919 in
1086 879 1248 921 assisia
1274 893 1354 935 per
1379 893 1461 923 nos
1506 880 1623 924 tacta

65 950 337 992 contentam.
1604 1004 1605 1007 Ἴ

121 1018 388 1062 Mandantes
417 1018 559 1067 vobis,
590 1019 800 1074 predictis
828 1019 1024 1067 vicariis,
1057 1020 1127 1062 vel
1157 1023 1307 1064 vestra
1336 1021 1433 1065 loca
1466 1025 1620 1065 tenen-

62 1090 199 1139 tibus,
231 1093 279 1132 ut
305 1089 564 1132 hominibus
586 1089 806 1132 dictorum
835 1090 1034 1132 locorum
1062 1104 1119 1133 ex
1147 1095 1272 1146 parte
1301 1090 1489 1150 [nostra]
1519 1106 1616 1149 pre·

61 1160 252 1216 cipiatis,
283 1164 507 1217 quatenus
535 1161 651 1203 dicto
688 1161 872 1203 domino
923 1161 1135 1217 episcopo
1163 1162 1233 1204 vel
1261 1162 1358 1218 ejus
1383 1164 1611 1218 gentibus,

60 1235 191 1288 prout
219 1233 433 1275 hactenus
460 1231 644 1274 domino
685 1231 777 1286 regi
804 1231 1048 1286 paruerint,
1097 1233 1324 1276 obediant.
1356 1237 1545 1289 pareant
1570 1239 1617 1280 et

60 1303 311 1351 intendant,
342 1303 482 1345 salvis
498 1306 543 1345 et
568 1303 754 1345 retentis
782 1316 869 1357 que
897 1303 1111 1346 dominus
1138 1307 1291 1346 noster
1318 1317 1397 1347 rex
1423 1305 1470 1347 in
1485 1306 1617 1349 dictis

59 1375 167 1417 locis
194 1374 280 1416 sibi
308 1373 504 1418 retinuit,
531 1375 664 1428 prout
703 1373 750 1414 in
794 1374 1094 1416 instrumento
1122 1375 1244 1428 regio
1272 1376 1618 1430 permutationis

61 1446 238 1503 plenius
265 1445 532 1488 continetur.

118 1517 281 1560 Datum
307 1516 535 1563 Nemausi,
568 1515 715 1571 prima
735 1515 806 1558 dio
837 1515 989 1558 madii.
1021 1529 1138 1559 anno
1169 1517 1350 1560 Domini
1372 1518 1614 1562 millesimo

59 1588 368 1635 ducentesimo
395 1588 687 1642 nonagesimo
709 1590 882 1642 quarto.

119 1659 307 1701 Reddite
336 1658 504 1700 litteras
533 1658 761 1714 portatori.

115 1804 212 1855 Qua
236 1802 421 1858 quidem
450 1803 596 1844 littera
634 1805 894 1857 presentata
919 1805 964 1845 et
1014 1802 1224 1858 perlecta,
1280 1804 1614 1860 requisiverunt

56 1874 163 1917 dicti
204 1878 512 1930 procuratores
540 1873 753 1915 eumdem
804 1873 1040 1916 dominum
1068 1873 1339 1922 sommam,
1372 1878 1437 1923 ut,
1484 1875 1614 1931 juxta

56 1945 337 1992 mandatum,
369 1958 396 1987 a
416 1944 533 1986 dicto
555 1944 740 1986 domino
765 1944 915 1986 locum
943 1944 1113 1987 tenenti
1136 1945 1242 1988 dicti
1269 1945 1441 1988 domini
1462 1959 1612 1990 senes·-

55 2016 156 2065 calli
183 2016 271 2059 sibi
298 2015 466 2058 factum
493 2028 574 2070 per
599 2015 772 2057 litteras
799 2015 1096 2070 supradictas,
1129 2016 1254 2071 ipsos
1283 2020 1606 2071 procuratores.

57 2087 237 2130 nomine
265 2086 371 2129 dicti
397 2086 568 2128 domini
595 2085 926 2141 Magalonensis
953 2086 1168 2142 episcopi,
1204 2087 1248 2129 in
1276 2088 1611 2142 possessionem

56 2157 267 2200 villarum
295 2158 457 2200 Sancte
483 2157 635 2199 Crucis
663 2160 707 2198 et
727 2157 782 2198 de
803 2157 1087 2205 Fontanesio,
1113 2159 1185 2199 vel
1211 2157 1357 2213 quasi,
1382 2160 1426 2200 et
1451 2171 1610 2201 earum

54 2228 299 2274 districtus,
329 2241 503 2270 necnon
531 2231 575 2270 ct
611 2227 818 2269 omnium
861 2227 1030 2282 jurium
1058 2227 1381 2282 pertinentium
1432 2241 1610 2272 earum·

55 2302 175 2345 dem.
208 2299 320 2342 meri
347 2302 391 2340 et
417 2298 548 2340 mixti
601 2298 780 2353 imperii
826 2311 877 2340 ac
904 2298 1166 2341 omnimode
1193 2298 1531 2354 jurisdictionis.
1560 2300 1609 2342 in

53 2374 272 2430 quantum
300 2375 344 2413 et
370 2373 502 2425 prout
527 2369 738 2411 dominus
765 2382 844 2410 rex
871 2368 1080 2411 habebat.
1113 2370 1294 2412 tenebat
1331 2373 1375 2412 et
1408 2371 1609 2425 posside-

56 2446 130 2487 hat
157 2443 366 2485 iuducere
394 2440 688 2496 corporalem,
731 2441 942 2495 ipsosque
988 2440 1184 2491 gaudere
1213 2440 1356 2482 facore
1408 2442 1608 2496 predicta

56 2514 339 2571 possessione
371 2512 527 2554 habita
552 2515 595 2554 et
623 2512 821 2552 obtenta.

110 2585 192 2636 Qui
213 2584 399 2640 quidem
426 2582 636 2624 dominus
661 2582 902 2623 Johmines.
923 2582 1120 2637 inspecto
1149 2583 1360 2626 mandato
1380 2583 1466 2625 sibi
1488 2583 1603 2625 facto

53 2668 132 2711 per
150 2655 318 2697 litteras
340 2653 635 2708 supradictas.
666 2653 821 2694 audita
837 2653 973 2694 ctiam
1001 2653 1327 2707 supplicatione
1349 2667 1426 2695 seu
1453 2654 1604 2709 reuni-

51 2725 210 2768 sitione
233 2725 532 2780 predictorum
555 2723 841 2765 dominorum
877 2727 1229 2778 procuratorum.
1255 2727 1299 2766 et
1318 2723 1451 2766 etiam
1478 2725 1604 2767 inl-vl·

55 2796 177 2837 ivs-tn.
214 2797 309 2837 viso
336 2794 472 2836 otiam
504 2798 654 2836 tenore
695 2797 948 2835 contractus
978 2794 1337 2847 permutationis,
1370 2795 1470 2837 lacti
1523 2810 1599 2837 seu
