2164 3575
1130 330 1315 370 -4-„

445 434 564 480 dicta
590 439 786 484 moneta,
813 448 894 478 nec
919 436 1020 492 ipsa
1045 438 1243 485 moneta,
1269 449 1350 479 nee
1377 448 1450 478 res
1476 433 1752 490 pertinentes
1773 432 1831 476 ad
1856 432 2007 489 ipsam

446 509 679 550 monetam
707 505 994 562 aliquatenus
1022 506 1347 548 detinebuntur
1371 505 1444 547 vel
1472 503 1792 560 impedientur.

505 577 616 620 Item
645 578 682 619 si
711 577 822 619 forte
843 576 995 633 aliquo
1021 589 1128 619 casu
1154 576 1401 631 contigeret
1422 575 1593 618 ratione
1630 587 1808 630 guerre,
1840 572 1913 614 vel
1939 584 2010 616 ra-

447 647 568 690 tione
597 646 923 703 prohibicionis
950 646 1141 702 alicujus
1187 646 1447 704 superioris,
1478 646 1550 687 vel
1580 645 1669 688 alia
1717 654 2006 700 quacumque

447 717 619 760 ratione.
649 717 721 760 vel
747 718 950 765 accione,
983 717 1104 772 quod
1133 730 1223 759 non
1250 717 1445 772 possetis
1472 717 1613 759 libere
1634 717 1679 758 et
1706 727 1861 758 secure
1889 712 2007 770 face-

447 801 495 830 re
523 788 689 830 dietam
711 790 944 829 monetam
972 788 1018 828 in
1046 790 1165 829 terra
1186 791 1353 831 nostra.
1384 800 1465 829 nos
1494 798 1710 842 personas
1738 787 1782 826 et
1808 797 1881 826 res
1907 796 2011 825 ves-

449 860 541 900 tras
570 861 614 900 et
639 860 893 900 vestrorum
922 857 1145 900 sociorum
1174 860 1218 899 et
1242 858 1553 912 operariorum
1579 854 1876 911 guidabimus
1927 865 2011 909 per

450 931 592 971 totam
619 931 787 970 terram
814 930 1014 970 nostram
1042 931 1086 969 et.
1112 928 1366 970 districtum
1390 931 1610 975 nostrum,
1635 927 1698 968 ita
1718 925 1841 981 quod
1867 923 2011 980 possi-

448 999 507 1041 tis
534 1001 627 1041 tute
654 999 863 1040 recedere
910 1001 955 1040 et
980 1012 1051 1040 res
1077 1001 1251 1040 vestras
1279 998 1530 1045 extrahere,
1556 998 1718 1039 ducere
1746 998 1790 1038 et
1810 997 2005 1051 portare.

511 1070 621 1111 Item
649 1069 940 1112 concedimus
971 1069 1100 1111 vobis
1129 1069 1376 1124 predictam
1407 1072 1635 1110 monetam
1693 1066 1792 1109 fieri
1821 1066 1866 1107 in
1911 1078 2012 1121 prc-

448 1140 578 1182 dietis
605 1139 712 1182 loeis
739 1139 978 1186 concessis,
1010 1140 1094 1181 sub
1123 1140 1325 1194 predicta
1381 1140 1527 1181 torma
1553 1141 1597 1180 et¹
1624 1139 1736 1193 tege,
1790 1135 2010 1192 quamdiu

451 1210 687 1252 volueritis
716 1223 817 1252 eam
846 1209 1005 1257 facere,
1037 1212 1081 1251 et
1108 1210 1219 1250 nulli
1247 1209 1323 1251 alii
1374 1210 1693 1257 concedemus,
1726 1207 1799 1251 vel
1825 1206 2012 1262 permit—

449 1283 612 1328 temus,
644 1280 893 1335 prcdictam
917 1282 1149 1321 monetam
1171 1280 1243 1321 vel
1264 1279 1400 1322 aliam
1422 1282 1652 1321 monetam
1676 1277 2010 1320 millarencium

446 1350 636 1405 alicujus
657 1350 936 1404 legis.facere
958 1350 1005 1391 iu
1025 1350 1177 1406 alitque
1200 1350 1295 1391 loco
1317 1351 1389 1392 vel
1411 1353 1536 1405 parte
1559 1353 1675 1402 terre
1698 1351 1849 1392 nostre
1869 1360 2012 1405 quan-

446 1420 524 1462 diu
550 1434 632 1463 vos
660 1420 894 1462 volueritis
922 1419 1067 1463 faeere
1097 1434 1176 1463 seu
1203 1421 1383 1468 cudere,
1418 1419 1566 1478 [sicut]
1596 1419 1852 1476 predictum
1878 1420 2012 1461 estet

445 1504 725 1540 eoncessunn
757 1494 800 1533 et
827 1491 986 1533 eciam.
1020 1491 1063 1533 si-
1088 1491 1200 1533 torte
1230 1492 1466 1533 cessaretis
1495 1491 1663 1533 dietam
1690 1485 1920 1532 monetam
1945 1487 2011 1531 fa-

444 1575 560 1610 cere,
584 1575 665 1604 vos
694 1565 1038 1616 expectaremus
1060 1564 1236 1604 tantum
1261 1576 1341 1617 per
1360 1575 1531 1604 annum
1554 1565 1598 1604 et
1618 1574 1760 1603 unum
1782 1572 2006 1608 mensem,

444 1633 562 1675 inira
588 1646 725 1688 quem
754 1633 850 1675 sitis
881 1633 1036 1674 moniti
1068 1633 1204 1675 tercio
1231 1633 1425 1681 anobis,
1457 1633 1530 1691 vel
1556 1632 1644 1674 alio
1673 1645 1752 1687 pro
1773 1630 1922 1679 nobis,
1951 1630 2009 1673 ad

450 1704 615 1746 dictam
664 1706 911 1750 monetam,
943 1707 993 1745 ut
1019 1707 1085 1746 est
1137 1704 1307 1745 dictum
1336 1707 1380 1746 et
1406 1716 1685 1750 eoncessum,
1734 1700 2004 1749 taciendam,

445 1777 691 1830 antequam
719 1773 853 1816 alicui
881 1774 957 1816 alii
984 1775 1349 1816 concederemus.
1919 1772 1922 1776 ’

502 1844 611 1887 item
639 1844 931 1887 cmcsdimus
961 1848 1005 1887 et
1034 1845 1341 1900 promittimus
1392 1845 1530 1901 quod,
1562 1848 1599 1886 si
1629 1844 1740 1886 torte
1771 1843 1815 1886 i'n
1861 1846 2008 1885 castro

441 1914 660 1969 Melgorii,
692 1915 954 1970 episcopatu
987 1916 1056 1957 vet
1085 1916 1305 1958 comitatu
1333 1915 1561 1969 predictis,
1593 1915 1747 1971 aliqua
1772 1914 1864 1957 alia
1911 1927 2004 1956 mo-

443 1988 562 2033 neta,
618 1998 756 2027 aurea
781 1986 852 2027 vel
904 1989 1134 2040 argentea„
1167 1987 1241 2028 vel
1288 1998 1589 2041 quecunque,
1619 1985 1874 2034 c=..de1·ett1r‚
1927 1998 2009 2028 vos

442 2069 521 2111 pre
566 2056 779 2097 omnibus
807 2056 924 2103 atiis,
980 2060 1203 2112 quantum
1233 2057 1277 2098 in
1323 2057 1452 2099 nobis
1496 2050 1583 2105 ests
1628 2056 1917 2112 preterimus,
1965 2059 2010 2098 et

442 2127 717 2182 quicumque
747 2129 896 2181 preter
922 2141 1002 2169 vos
1033 2127 1282 2182 predictam
1317 2131 1549 2170 monetam
1577 2127 1905 2175 millarensem‚
1934 2126 2008 2168 vel

442 2197 579 2239 aliam
602 2197 984 2252 qualemcumque
1014 2196 1194 2254 [cudere
1222 2196 1597 2255 attemptaverit]‚
1628 2210 1824 2253 persona
1861 2196 2007 2252 ipsius

448 2280 551 2308 cum
577 2267 790 2309 omnihus
818 2268 955 2310 rebus
983 2268 1076 2310 suis
1097 2268 1228 2310 vohis
1255 2268 1539 2310 confiscetur.

500 2337 611 2380 ltem
650 2337 940 2380 concedimus
969 2341 1012 2380 et
1062 2338 1290 2387 volumus,
1322 2339 1445 2394 quod
1495 2337 1704 2381 homines
1752 2337 1873 2380 iltius
1922 2337 2009 2379 lit-i

445 2422 582 2463 quem
635 2408 860 2462 elegeritis
888 2409 946 2451 ad
985 2409 1153 2451 dietam
1181 2413 1417 2452 monetam
1469 2408 1920 2464 cudenda113‚jure.;t
1963 2410 2008 2450 et

439 2478 669 2533 jurabunt,
719 2479 756 2521 si
783 2480 1032 2528 volueritis,
1077 2494 1258 2522 servare
1287 2483 1331 2522 et
1381 2479 1624 2523 defendere
1676 2492 1771 2528 vos,
1820 2481 1865 2521 et
1906 2491 2008 2522 ves-

439 2551 546 2597 tros,
590 2553 633 2590 et
660 2550 951 2598 monetarios,
983 2550 1206 2593 familiam
1253 2552 1537 2598 eorumdem,
1579 2550 1783 2607 quandiu
1832 2549 2006 2592 facietis

438 2619 502 2660 ibi
525 2622 752 2661 monetam
781 2621 1047 2674 predictam.

500 2690 551 2731 Et
578 2704 674 2737 vos,
707 2691 878 2732 ratione
906 2693 951 2732 ct
977 2691 1021 2732 in
1050 2692 1229 2745 signum
1258 2691 1467 2740 dominii,
1498 2694 1542 2734 et
1588 2691 1779 2739 salvem,
1810 2695 1855 2733 et
1878 2693 1881 2697 ’
1906 2705 2006 2746 pre-

435 2760 656 2808 tectionis,
688 2763 731 2802 et
758 2761 1012 2803 securitatis
1034 2764 1199 2807 vestre,
1231 2761 1398 2803 dabitis
1427 2761 1556 2803 nobis
1571 2759 1627 2804 ‘et
1666 2762 2003 2804 successoribus

425 2830 619 2878 «nostris,
652 2844 731 2885 pro
783 2831 973 2886 singulis
1020 2832 1215 2874 marchis
1243 2832 1358 2873 dicte
1404 2834 1584 2874 monete
1635 2833 1897 2887 approbate,
1946 2832 2003 2875 ad

437 2900 618 2955 pondus
670 2901 875 2943 marche·
906 2902 1310 2957 Montispessulani
1359 2901 1636 2958 ponderatis,
1685 2916 1766 2944 s‹-x
1794 2904 2003 2946 denarios

435 2971 758 3025 melgorienses
799 2974 1182 3027 quandocumque
1222 2973 1303 3014 fiet
1325 2962 1548 3015 extraecio
1573 2973 1689 3014 dicte
1738 2977 1912 3015 monete
1946 2974 2001 3015 de
