2107 3404
728 305 782 313 -
811 281 896 325 177

75 387 225 430 sulani
250 389 298 430 in
324 388 576 445 dampnum
603 389 776 445 possint
799 390 996 433 incidere
1024 404 1081 433 ex
1106 391 1335 447 predfcris
1368 388 1616 447 specialitei

74 458 360 502 declaramus
379 460 516 516 quod,
548 460 585 502 si
612 474 691 515 pro
720 465 901 503 moneta
924 462 1208 516 melgoriensi
1228 476 1314 518 que
1348 473 1635 518 quocumque

74 530 211 588 modo
238 530 492 579 deberetur,
524 531 775 573 solveretur
801 535 842 573 et
872 533 1145 587 reciperetur
1163 533 1251 575 alia
1279 536 1462 574 moneta
1487 544 1633 588 usclue

72 600 131 642 ad
156 603 495 643 concurrentem
523 601 663 643 debiti
684 602 902 650 valorem,
933 616 991 645 ex
1018 617 1070 645 eo
1091 617 1178 645 non
1201 603 1377 658 possint
1401 602 1636 645 solventes

74 670 148 713 vel
176 670 444 726 recipientes
470 672 527 714 ab
554 671 707 727 aliquo
736 673 908 728 impeti,
945 673 1133 721 differri,
1165 674 1364 716 accusari
1391 672 1533 715 etiam
1561 670 1635 713 vel

74 741 240 796 puniri.
271 741 521 784 dummodo
567 742 781 798 recipiant
832 743 981 797 ipsam
1008 743 1061 785 ad
1092 744 1340 786 cambium.
1372 745 1416 785 et
1461 754 1550 784 non
1576 740 1634 783 ad

69 824 211 866 Ausum
240 825 318 854 seu
347 824 530 855 cursum
557 825 867 855 communem:
896 827 974 854 nce
1002 815 1088 855 a¹'a
1114 817 1293 856 monela
1325 814 1369 855 in
1392 825 1522 855 usum
1554 825 1634 855 scu

74 871 259 924 cursum
287 895 577 924 cann2n21n'3m
607 883 667 924 ῐέιῑ
693 887 984 926 eonvertatur
1038 886 1102 926 xc'
1128 885 1395 939 anstrat-¹133
1439 886 1478 925 „t
1524 883 1582 924 ‹ln
1605 895 1635 923 n

73 952 156 995 hoc
183 955 320 995 eliam
349 953 429 995 l'iat
455 954 552 995 sine
581 954 780 1009 dampno
808 958 851 995 et
881 954 1207 1009 inipe-jinicnio
1238 968 1346 996 usus
1374 967 1453 995 seu
1480 966 1639 995 cursus

72 1024 328 1067 communis
352 1027 531 1067 monete
556 1025 888 1079 melgoriensis,
919 1028 962 1066 et
989 1028 1169 1067 monete
1199 1027 1350 1067 nostre
1371 1023 1443 1066 vel
1465 1026 1640 1079 nostross

71 1108 174 1136 rum
200 1094 299 1137 auri
327 1097 371 1137 et
396 1095 584 1149 argenti.

135 1165 429 1207 Sacramenta
461 1179 564 1208 vero
613 1167 809 1208 tenentis
837 1167 985 1209 locuni
1039 1169 1257 1209 nostruin.
1290 1169 1329 1208 el
1384 1165 1539 1220 bajuli,
1594 1166 1640 1206 et

71 1235 352 1283 officialium,
384 1237 684 1296 etnconsulnm
714 1237 1030 1292 predictorum.
1084 1237 1301 1293 requisito
1328 1240 1372 1278 ct
1424 1238 1633 1291 presente

72 1307 190 1349 dicto
218 1306 443 1362 episcopo,
474 1307 548 1349 vel
574 1307 662 1349 alio
688 1321 827 1364 quem
853 1308 1049 1350 voluerit
1077 1308 1171 1350 loco
1199 1307 1284 1355 sui,
1317 1307 1354 1349 si
1386 1305 1633 1362 requisitus

73 1391 152 1433 per
177 1391 225 1420 se
253 1377 325 1420 vel
355 1390 432 1432 per
469 1377 612 1419 alium
642 1376 843 1419 voluerit
872 1378 1104 1425 interesse,
1165 1378 1208 1418 in
1262 1378 1433 1433 palacio
1482 1379 1633 1418 nostro

75 1448 201 1495 fiant;
232 1447 295 1490 ila
320 1448 441 1502 quod
471 1447 668 1502 bajulus,
701 1450 745 1501 et
771 1447 1005 1494 ol'l'iclales,
1038 1451 1081 1490 et
1119 1447 1327 1490 consules
1353 1447 1567 1502 jurabunt
1594 1446 1642 1487 in

80 1531 220 1560 manu
248 1518 441 1560 tenentis
470 1518 615 1560 locum
644 1521 864 1566 nostrum,
892 1521 935 1560 ct
964 1518 1061 1574 ipse
1101 1518 1250 1560 locum
1286 1520 1447 1559 tenens
1478 1515 1646 1570 jurabit

73 1589 238 1632 sanctis
265 1588 345 1631 Dei
372 1589 620 1644 evangeliis
648 1589 807 1644 positis
834 1589 881 1630 iu
909 1588 1212 1644 protribulani
1240 1591 1408 1630 nostro.

133 1660 188 1702 Ul
215 1663 369 1702 autem
392 1659 593 1715 predicta
619 1660 777 1702 onmia
805 1660 1058 1714 pleniorem
1104 1659 1303 1700 habeant
1356 1657 1637 1704 firmitatem,

75 1744 128 1773 ea
154 1730 308 1773 omnia
333 1730 478 1773 vobis.
510 1730 710 1786 predicto
738 1730 963 1785 episcopo,
998 1743 1080 1771 nos
1107 1730 1229 1771 idem
1274 1743 1356 1770 rex
1406 1727 1638 1783 predictus

80 1804 338 1844 servaturos
365 1803 407 1843 et
428 1804 583 1843 contra
613 1814 702 1843 non
731 1804 947 1843 venturos
975 1800 1285 1857 promittimus
1313 1799 1487 1845 iterato;
1518 1801 1560 1840 et
1588 1811 1642 1839 ea

73 1871 212 1928 jurari
241 1871 446 1924 iacimus,
477 1872 524 1913 in
551 1860 758 1913 animam
789 1874 1007 1913 nostram.
1041 1884 1121 1925 per
1147 1870 1362 1911 dilectum
1383 1872 1428 1910 et
1454 1868 1641 1909 fidelem

71 1943 292 1985 Jacobum
313 1943 369 1984 dc
396 1944 529 1991 Roca,
572 1942 799 1984 notarium
824 1945 1045 1984 nostrum.
1079 1940 1314 1982 sacristam
1341 1939 1642 1981 Islerdensem

73 2016 118 2055 et
145 2013 368 2056 decanum
394 2013 702 2055 Valentinum.

133 2084 185 2126 Et
206 2098 287 2126 nos
307 2084 500 2126 Jacobus
528 2084 582 2125 dc
617 2084 734 2125 Roca
754 2083 999 2138 predictus,
1031 2083 1085 2124 de
1115 2081 1330 2124 mandato
1362 2080 1469 2122 dicti
1497 2079 1643 2121 domi-

76 2154 121 2196 ni
166 2155 298 2209 regis,
330 2159 376 2196 ct
426 2154 470 2196 in
498 2153 596 2209 ejus
622 2154 840 2201 animam,
893 2153 1097 2208 juramus
1125 2166 1204 2208 per
1230 2152 1312 2194 hec
1356 2154 1509 2193 sancta
1535 2151 1643 2192 IlIl‘'r

74 2225 154 2267 Dei
181 2225 432 2280 evangelia,
489 2225 610 2280 quod
638 2224 759 2266 idem
812 2224 1024 2266 dominus
1062 2236 1143 2264 rex
1169 2222 1453 2276 adimplebit,
1511 2221 1643 2263 saciet

72 2299 117 2339 ct
142 2296 343 2338 servabit
367 2296 522 2338 oana
572 2295 891 2350 suprascripta,
923 2307 1002 2349 per
1032 2295 1180 2348 ipsam
1210 2291 1436 2347 promissa
1490 2291 1635 2337 vobis,

76 2366 260 2409 domino
293 2365 504 2421 episcopo
530 2365 772 2407 antedicto.
912 2406 921 2444 ο

134 2484 185 2526 E„
207 2497 285 2526 nos
305 2483 497 2525 Jacobus
529 2482 693 2529 infans,
736 2481 857 2523 lilius
886 2484 929 2523 ct
955 2481 1088 2523 heres
1116 2480 1298 2521 futurus
1327 2478 1434 2520 dicti
1462 2476 1638 2519 domini

9 2581 13 2585 ,
74 2555 207 2608 regis,
238 2555 376 2609 patris
405 2553 559 2601 nostri,
611 2550 819 2610 [domini]
850 2550 1267 2606 Montispessulaui,
1298 2548 1453 2591 omnia
1498 2560 1635 2602 supra

74 2625 298 2680 promissa
311 2625 369 2666 ab
396 2625 494 2679 ipso
521 2627 647 2679 patre
677 2626 826 2665 nost-ro
856 2622 1000 2669 vobis,
1021 2621 1232 2676 episcopo
1268 2617 1514 2674 sepedicto,
1540 2632 1642 2673 pro-

77 2695 298 2737 mittimus
318 2695 549 2744 attendere
578 2697 621 2736 et
666 2707 863 2739 servare,
913 2695 957 2734 et
983 2695 1139 2733 ‹Jontra
1181 2705 1270 2732 non
1299 2690 1468 2736 venire,
1500 2692 1545 2731 ct
1589 2701 1642 2729 ca

76 2766 176 2821 ipsa
199 2764 338 2820 jurari
366 2764 555 2807 facimus
584 2767 628 2806 et
674 2764 945 2806 mandamus
975 2749 1054 2818 pci-
1094 2762 1310 2804 dilectum
1338 2763 1542 2802 nostruin
1568 2758 1640 2800 Ja-

76 2836 241 2877 cobum
267 2836 322 2876 de
345 2835 463 2877 Roca
489 2835 761 2890 predictum,
794 2834 840 2875 in
866 2833 1067 2875 animam
1098 2835 1314 2873 nostram.

137 2905 189 2947 Et
216 2919 298 2947 nos
323 2905 518 2947 Jacobus
568 2906 623 2947 de
652 2906 770 2947 Roca
797 2904 1013 2959 prelatus,
1045 2903 1099 2944 ‹le
1152 2903 1366 2943 mandato
1413 2899 1521 2941 dicti
1558 2898 1637 2940 do-
1666 2899 1671 2904 “

243 2987 336 3018 cart.
358 2986 406 3018 du
427 2986 515 3025 Mag.
540 2987 574 3016 T.
598 2986 644 3016 ιιι
1306 2969 1347 3012 233
