2107 3404
785 190 1030 238 4457-

130 294 304 338 domini
334 299 533 355 episcopi
555 301 800 356 supradicti
827 302 871 344 in
899 303 1112 346 comitatu
1146 303 1345 359 Melgorii
1368 307 1412 346 et
1432 303 1683 347 Montisfcr-

128 367 258 409 randi
285 368 396 411 etin
423 371 516 412 tota
536 369 632 426 ejus
652 370 966 427 jurisdiccione
993 376 1037 416 et
1057 373 1254 430 dyocesi,
1285 373 1362 430 qui
1390 374 1444 416 de
1466 375 1680 418 mandato

129 438 236 480 dicti
262 439 434 482 domini
461 441 673 497 episcopi,
699 445 744 485 et
793 447 974 499 rogatus
1001 445 1058 487 ab
1102 444 1202 487 aliis
1253 445 1556 501 presentibus,
1598 445 1680 488 hec

128 509 283 566 scripsi
307 513 351 553 et
373 511 563 567 signavi,
590 516 631 555 et
653 513 743 556 rasi
766 527 902 569 supra
922 515 998 557 ubi
1026 516 1235 572 rescripsi
1257 530 1356 558 eum
1385 523 1426 558 et
1446 530 1552 559 suos
1600 530 1681 574 pa-

129 594 299 623 rzerzos.

995 742 1088 779 'fleg
1114 742 1135 770 [L
1170 742 1227 771 fol.
1254 741 1312 771 23!
1332 744 1380 777 Ψ)

369 1005 613 1049 Dccxxu.
672 1007 804 1050 -12
846 1022 967 1052 mars
996 1008 1109 1052 1289
1137 1010 1199 1063 (n.
1232 1023 1266 1051 s.
1299 1008 1431 1062 1290)

173 1146 613 1185 Reconnaissanee
637 1149 696 1186 de
717 1150 901 1186 salines
921 1150 1038 1186 faite
1059 1150 1090 1186 ὲ,
1108 1149 1339 1195 Γόνὲᾳιιθ.

116 1299 121 1303 ’
187 1295 317 1336 Anno
343 1293 572 1336 Dominicc
600 1293 923 1337 Incarnationis
951 1293 1196 1336 millesimo
1240 1293 1322 1336 CC⁰
1373 1291 1680 1347 octuagesimo

125 1379 260 1413 nono,
291 1368 449 1420 quarto
475 1365 576 1406 idus
604 1365 773 1411 marcii,
805 1378 886 1419 ego
913 1365 1139 1406 Johannes
1172 1364 1304 1407 Fabri
1331 1364 1384 1406 de
1412 1364 1519 1405 Vico
1560 1375 1682 1405 reco-

124 1449 290 1492 gnosco
320 1449 392 1477 mc
415 1439 565 1477 tenere
593 1449 619 1478 a
659 1435 843 1477 domino
870 1435 1157 1490 Bet-engrano,
1188 1435 1268 1477 Dei
1294 1434 1436 1490 gratia
1486 1433 1682 1488 Magalo-

124 1506 253 1549 neusi
298 1506 523 1562 episcopo.
555 1506 777 1562 quasdem
806 1506 974 1548 salinas
1002 1506 1046 1547 in
1075 1506 1238 1561 plagia;
1271 1509 1314 1548 et
1341 1505 1683 1548 confr-ontantur

124 1591 183 1620 ex
211 1591 303 1620 una
324 1581 448 1633 parte
476 1591 580 1619 cum
600 1577 767 1619 honore
795 1576 1018 1636 infanium
1044 1577 1362 1626 Bedossorum,
1387 1589 1445 1618 ex
1464 1575 1553 1618 alia
1578 1587 1680 1617 cum

125 1649 296 1691 honore
319 1648 547 1690 infantum
587 1648 824 1704 quondam
847 1647 953 1690 Brdi
974 1648 1162 1696 Bonclli‚
1189 1662 1246 1690 ex
1267 1648 1355 1690 alia
1395 1660 1496 1689 cum
1525 1650 1685 1701 stagno

126 1719 415 1762 dominorum
437 1719 491 1761 dc
520 1719 641 1768 Vico;
681 1719 726 1760 in
755 1718 920 1774 quibus
947 1719 1069 1760 idem
1120 1719 1333 1761 dominus
1360 1718 1498 1760 habet
1536 1716 1680 1759 (lomi-

125 1790 266 1833 nium.
297 1790 549 1837 consilium,
581 1789 865 1836 laudimium,
898 1792 942 1832 ct
968 1804 1048 1845 pro
1069 1789 1238 1832 usatico
1266 1802 1347 1831 sex
1374 1787 1597 1830 denarios.

184 1861 327 1916 Hujus
354 1861 417 1903 rei
445 1860 628 1903 fuerunt
656 1863 792 1902 testes
813 1860 1086 1903 Guillelnius
1107 1860 1298 1908 Vedclli,
1322 1859 1513 1902 Poncius
1535 1857 1680 1913 Egidji

123 1935 169 1974 ct
197 1932 410 1987 magister
445 1932 603 1974 Petrus
629 1930 804 1980 Vitahs,
835 1931 1068 1987 quondam
1094 1931 1302 1986 publicus
1330 1930 1501 1972 domiui
1528 1930 1679 1983 Maga-

123 2003 321 2045 louensis
348 2002 547 2058 episcopi
575 2002 791 2050 notarius,
823 2002 899 2057 qui
946 2003 1190 2058 requisitus
1218 2003 1272 2043 de
1301 2001 1560 2057 prescriptis
1595 2013 1671 2041 no-

124 2079 216 2117 tam
244 2073 427 2129 recepit.

183 2145 245 2187 De
273 2157 363 2201 qua
390 2147 496 2186 nota
523 2157 612 2186 non
639 2143 884 2186 cancellata
904 2150 982 2185 etc.

927 2298 1022 2335 (Reg.
1041 2297 1075 2332 C,
1098 2298 1156 2328 101.
1182 2296 1240 2328 135
1261 2300 1319 2331 ν’).

367 2563 655 2606 ncccxxnl.
684 2589 735 2594 -
759 2564 813 2606 12
833 2577 955 2607 mars
983 2563 1097 2606 ‘1289
1118 2566 1182 2618 (a.
1209 2576 1244 2606 s.
1276 2563 1409 2618 1290)

167 2704 604 2741 Reconnaissance
625 2705 684 2741 de
704 2705 888 2741 salines
908 2704 1027 2740 faite
1047 2705 1077 2740 ἐι
1098 2703 1329 2749 Ρὸνὸᾳιιθ.

180 2838 310 2878 Anno
337 2836 565 2878 Doininice
607 2837 931 2879 Incaruationis
958 2837 1017 2878 M⁰
1068 2835 1151 2877 CC⁰
1178 2833 1483 2889 octuagesimo
1536 2846 1668 2877 nono,

288 2919 379 2949 cart.
401 2919 443 2948 de
465 2919 552 2957 Mag.
577 2919 613 2949 T.
637 2918 682 2948 111
1406 2915 1445 2945 53
