1991 3279
953 298 1203 342 -928-

301 403 472 445 domini
503 403 700 458 episcopi
731 403 974 458 supradicti
1014 405 1363 460 Magalonensis‚
1407 407 1563 449 votens
1597 420 1733 463 super
1759 421 1860 464 pre-

302 475 453 517 missis
494 474 720 529 inquirere
763 475 997 517 veritatem
1043 490 1145 518 cnm
1193 477 1394 532 predicto
1440 477 1624 520 domino
1678 479 1852 530 Poncio,

300 559 450 587 coram
467 559 519 587 eo
546 546 665 600 apud
695 546 944 588 'l'crralluni
974 547 1271 602 personaliter
1292 548 1531 597 existente,
1559 552 1602 590 et
1627 562 1730 591 cum
1756 550 1856 594 aliis

303 617 597 671 infrascriptis
626 617 858 672 processit,
881 621 930 659 ut
958 617 1144 659 inferius
1171 619 1438 661 continetur:

359 759 441 810 Qui
468 759 663 801 Poneins
693 760 919 814 predictus
953 760 1128 815 juratus
1157 775 1294 816 super
1329 762 1562 817 premissis
1603 763 1785 817 plenam
1813 766 1858 805 et

302 844 474 872 ineram
509 831 655 873 dicere
701 832 955 875 veritatem,
987 832 1102 874 (lixit
1127 833 1245 888 qnod
1293 833 1521 887 predictus
1549 834 1673 876 locus
1707 832 1761 875 de
1788 833 1857 876 las

305 903 489 943 Ege-oms
518 906 691 957 spectat
718 903 771 945 ad
798 917 901 945 cum
924 904 1089 945 directe
1118 904 1160 944 in
1193 904 1493 959 possessione,
1519 905 1794 960 proprietate
1814 908 1858 948 et

298 973 607 1027 jurisdictione
635 975 725 1016 alta
752 978 795 1016 et
833 975 978 1022 bassa,
1010 975 1110 1016 licet
1135 976 1206 1029 jus
1235 975 1563 1030 superioritatis
1603 979 1775 1031 spectet
1799 977 1856 1019 ad

298 1045 483 1086 dominu
493 1058 535 1086 m
558 1046 821 1100 episcopum
845 1046 1170 1101 supradictum.

358 1117 483 1158 Unde
517 1130 619 1158 cuni
649 1117 711 1157 ihi
739 1118 822 1159 hoc
837 1131 968 1165 anno,
1015 1117 1131 1158 inter
1165 1108 1320 1160 Natale
1349 1119 1529 1161 Domini
1573 1121 1617 1161 ct
1642 1119 1859 1174 carnipri-

298 1187 439 1234 vium.v
471 1188 583 1229 alias
610 1189 665 1229 de
693 1189 764 1230 die
793 1189 909 1230 dixit
935 1202 983 1229 se
1012 1202 1100 1230 non
1128 1190 1366 1237 recordari,
1400 1190 1642 1232 transitum
1671 1190 1852 1238 faceret‚

300 1258 411 1300 vidit
440 1259 499 1300 ibi
542 1261 584 1300 in
631 1259 724 1301 suis
765 1261 957 1315 propriis
1002 1260 1368 1315 possessionibus
1413 1261 1637 1317 quosdam
1683 1261 1857 1317 lapides

298 1329 416 1372 fixos
432 1334 476 1372 et
502 1331 677 1386 lapides
695 1331 894 1373 minutos
921 1335 1263 1387 quoacffl‘vatos,
1283 1333 1495 1387 etlingna
1522 1333 1748 1375 buxorum
1774 1332 1858 1374 ibi·
1921 1350 1924 1354 ¹

298 1403 402 1443 dem
429 1402 651 1457 apposita;
677 1416 765 1457 que
791 1403 945 1445 omnia
971 1417 1073 1444 cum
1102 1403 1187 1445 sibi
1219 1417 1339 1446 nova
1365 1407 1530 1451 essent,
1562 1407 1780 1459 tanquam
1800 1393 1860 1446 de'

298 1486 379 1515 suo
406 1473 610 1515 amoveri
626 1473 729 1515 fecit
756 1474 921 1516 exinde
948 1477 992 1515 ct
1017 1474 1168 1516 avelli.
1451 1474 1453 1476 ’

356 1545 658 1598 Interrogatus
674 1558 730 1586 an
747 1545 947 1598 crederet
966 1545 1169 1600 predicta
1197 1544 1327 1603 [esse]
1352 1545 1570 1588 terminos
1597 1545 1694 1589 sive
1711 1546 1854 1591 bolaS.

298 1615 413 1657 dixit
439 1616 559 1670 quod
588 1629 691 1657 non.

361 1688 467 1729 [tem
496 1686 797 1742 interrogatus
826 1691 975 1730 utrum
998 1688 1191 1730 [ormam
1215 1688 1511 1730 terminorum
1539 1689 1636 1731 sive
1651 1689 1857 1732 bolarum

301 1757 574 1815 [habehantj.
608 1758 723 1799 dixit
754 1760 874 1814 quod
904 1759 981 1801 sie:
1016 1761 1162 1801 tamen
1206 1773 1295 1801 non
1322 1760 1535 1802 credebat
1561 1774 1661 1803 esso
1709 1760 1859 1803 termi-

300 1844 380 1871 nos
408 1843 487 1871 seu
517 1830 657 1877 botas,
690 1833 738 1871 ut
765 1844 901 1885 supra
927 1831 1055 1872 dixit.

358 1902 467 1943 Item
487 1901 783 1955 interrogatus
805 1915 862 1943 an
891 1902 968 1943 diu
997 1902 1057 1943 ihi
1086 1903 1155 1944 vel
1177 1907 1347 1958 «planto
1374 1905 1578 1958 tempore
1606 1903 1853 1952 stetissent,

298 1973 413 2014 (lixit
435 1987 480 2014 se
511 1986 735 2027 nusquam
763 1973 874 2015 alias
902 1974 1070 2015 vidisse
1100 1975 1171 2015 vel
1198 1975 1380 2016 audisse
1407 1975 1471 2023 ibi
1497 1974 1607 2023 fore,
1638 1975 1740 2017 licet
1760 1976 1858 2030 plu-

301 2045 386 2085 ries
412 2044 473 2085 ihi
501 2044 772 2092 transiverit,
805 2046 1041 2099 presertim
1072 2046 1294 2087 venando.

359 2117 464 2157 ltcm
496 2117 793 2171 interrogatus
820 2130 900 2171 per
927 2131 1039 2173 quos
1069 2118 1268 2172 predic-ta
1295 2118 1395 2160 fecit
1424 2118 1572 2165 evelli,
1599 2118 1714 2160 dixit
1735 2119 1857 2174 quod

300 2201 378 2241 per
403 2187 653 2229 Johannem
685 2187 804 2229 Cres.

360 2259 662 2311 Interrogatus
680 2259 717 2300 si
745 2260 913 2314 pluries
931 2260 990 2301 ibi
1021 2261 1254 2316 tetigisset,
1286 2261 1402 2303 dixit
1428 2275 1476 2303 se
1496 2275 1585 2303 non
1602 2261 1852 2304 recordare.

361 2330 480 2370 Dixit
508 2330 643 2371 etiam
673 2344 717 2372 sc
747 2345 835 2372 non
865 2332 1046 2374 credere
1077 2331 1150 2373 illa
1177 2346 1275 2374 csse
1307 2332 1520 2375 terminos
1548 2332 1644 2375 sive
1663 2333 1806 2376 bolas.

361 2404 504 2455 Super
530 2401 616 2442 alia
646 2402 878 2444 evulsione
910 2403 1114 2444 terrilorii
1145 2404 1199 2444 <le
1226 2403 1509 2446 Musti-anias
1553 2403 1669 2446 dixit
1694 2417 1741 2446 se
1768 2418 1856 2446 non
1898 2418 1899 2421 ¹

301 2472 569 2512 interfuisse.

358 2543 478 2583 Dixit
510 2546 656 2584 {anien
679 2545 801 2600 quod
824 2546 1002 2587 medius
1029 2559 1175 2587 annus
1197 2549 1263 2587 est
1290 2546 1472 2601 elapsus
1501 2546 1572 2589 vel
1598 2546 1727 2594 circa,
1745 2536 1857 2589 alias

300 2613 415 2655 dixit
443 2628 489 2654 se
532 2628 617 2655 non
666 2617 911 2676 recordare,
965 2617 1079 2658 (lixit
1104 2618 1226 2673 quod
1271 2630 1373 2658 cum
1418 2618 1588 2660 dictum
1620 2617 1780 2660 fuisset
1816 2617 1857 2660 ei

299 2685 415 2739 quod
448 2684 493 2724 in
541 2686 762 2727 territorio
803 2688 947 2729 mansi
991 2689 1045 2736 ‹le
1096 2687 1393 2744 l’allmyrols,
1423 2689 1480 2730 ad
1510 2689 1660 2744 ipsum
1706 2688 1858 2744 quoad

298 2756 435 2796 allam
465 2759 504 2797 el
534 2759 679 2811 quoad
715 2758 893 2800 bassani
927 2759 1284 2813 jin-isdirtionel‘n
1314 2763 1559 2814 spectante,
1586 2759 1688 2801 licet
1726 2773 1857 2815 supe-

301 2827 474 2867 rioritas
502 2827 555 2867 ad
586 2828 755 2869 (lictum
793 2830 1026 2871 dominun}
1058 2831 1321 2885 episcopum
1350 2833 1534 2885 spectet,
1566 2831 1753 2886 quidam
1781 2831 1859 2873 bo·-

301 2898 363 2939 las
386 2898 481 2939 sive
508 2899 728 2953 claperios
753 2901 1005 2954 posuissent
1030 2902 1071 2943 in
1100 2891 1400 2956 pre-iudiciiin]
1429 2903 1498 2944 sui
1526 2905 1570 2943 et.
1597 2901 1859 2944 intrasuam

296 2969 672 3023 jurisdictionem,
705 2972 904 3027 precepit
942 2972 1184 3015 Guillelmo
1211 2973 1416 3028 Aycelini
1443 2973 1565 3029 quod
1591 2972 1697 3015 illuc
1739 2984 1860 3015 acce-
