2112 3555
756 352 807 382 ‘-
837 351 892 395 89
923 377 974 382 .-

85 447 223 492 nibus
242 446 317 491 vel
337 425 585 490 honofibus
607 448 914 495 moverentur;
945 449 1120 489 necnon
1147 448 1191 488 et
1217 446 1306 489 alia
1331 445 1493 495 facere,
1524 459 1643 490 com-

89 519 257 575 pellere
274 519 329 561 „et
354 530 580 563 exercere,
611 529 700 572 que
727 516 775 558 in
795 516 932 560 feudo
959 519 1004 559 et
1025 517 1081 559 de
1108 516 1245 559 feudo
1273 517 1411 559 simili
1439 520 1642 573 possunt,

89 589 258 632 debent
283 590 328 631 et
353 587 500 630 solent
526 586 640 634 fieri,
672 587 884 643 compelli
912 590 956 629 et
982 587 1198 635 exerceri,
1230 587 1356 630 salvo
1383 592 1535 630 tamen
1569 588 1646 630 do-

88 659 230 702 minio
257 661 302 702 et
328 657 548 711 laudimio
574 657 622 699 in
649 657 737 699 hiis
765 671 854 714 que
882 671 910 700 a
939 657 1072 700 nobis
1099 652 1298 700 totaliter
1324 658 1643 705 alienarentur,

89 733 133 773 et
158 729 286 772 salva
314 729 460 777 vobis,
491 741 571 784 pro
599 728 718 770 dicto
771 728 1197 784 domino-episcopo
1244 731 1285 770 et·
1315 730 1650 771 successoribus

68 800 202 849 ”suis‚
232 799 474 844 comitibus
500 798 705 853 Melgorii
734 801 776 840 et
821 799 1206 848 Montisferrandi,
1232 793 1393 855 majeri
1443 800 1649 842 domina-

89 870 231 913 cione.

147 941 233 983 Pro
257 941 343 983 isto
370 943 522 982 autem
550 940 700 989 feudo,
730 953 811 982 nos
838 942 882 981 et
903 938 1068 983 'nostri
1096 953 1377 983 successores
1423 953 1581 983 sumus
1607 943 1652 983 et

88 1024 189 1055 esse
217 1011 438 1054 dehemus
478 1010 639 1053 fideles
666 1010 772 1052 dicti
800 1010 975 1053 domini
1016 1010 1232 1066 episcopi,
1265 1014 1308 1052 ct
1336 1024 1649 1053 successorum

85 1081 198 1137 ejus,
228 1081 447 1138 comitum
467 1081 672 1135 Melgorii
699 1084 742 1123 et
769 1080 1153 1128 Montisferrandi,
1185 1084 1228 1122 et
1261 1072 1408 1122 facere
1436 1081 1586 1122 eidem
1609 1084 1654 1123 et

86 1152 182 1194 suis
210 1151 544 1194 successoribus
572 1151 836 1194 hominium.
855 1164 936 1193 seu
963 1151 1243 1206 homagium,
1274 1150 1652 1206 etjuramentum

86 1221 320 1265 fidelitatis
348 1224 563 1278 prestare.

50 1293 64 1304 ”
148 1292 203 1335 Et
228 1292 364 1335 modo
390 1292 446 1335 de
475 1292 672 1347 presenti
719 1293 866 1341 vobis,
899 1293 1085 1336 domino
1136 1293 1380 1337 Guillelmo
1430 1294 1647 1349 predicto.

87 1363 235 1422 militi,
265 1363 498 1418 recipienti
526 1376 607 1418 pro
633 1363 734 1418 ipso
763 1361 1011 1421 [episcopo]
1043 1367 1088 1406 et
1116 1364 1300 1406 nomine
1326 1364 1488 1420 ipsius,
1519 1363 1655 1407 flexis

88 1433 282 1489 genibus
309 1436 355 1480 et
378 1432 544 1488 junctis
572 1433 783 1475 manibus
836 1434 997 1489 positis
1024 1433 1142 1476 infra
1168 1436 1361 1482 vestras,
1392 1434 1657 1488 homagium

89 1503 320 1551 facientes,
350 1502 555 1559 juramus
583 1516 720 1558 super
745 1506 903 1546 sancta
928 1504 1008 1546 Dei
1042 1503 1295 1564 evangelia,
1324 1491 1352 1546 a
1384 1504 1513 1546 nobis
1541 1507 1660 1546 tacta

10 1586 13 1587 ⁷
81 1573 378 1633 fidelitatem,
411 1572 554 1614 vitam
581 1575 625 1614 et
672 1574 895 1621 membra,
927 1576 971 1615 et
997 1574 1152 1616 omnia
1179 1587 1267 1629 quc
1293 1574 1341 1615 in
1378 1576 1659 1616 sacramento

25 3544 30 3551 ,,
14 3503 32 3522 ‘k

13 3488 35 3506 eq

92 1643 327 1686 fidelitatis
354 1643 658 1691 continentur,
690 1644 795 1686 dato
824 1644 1054 1686 firmitatis
1082 1645 1237 1687 osculo
1263 1647 1398 1700 atque
1422 1644 1563 1700 pacis.

145 1713 355 1757 Preterea
379 1714 599 1756 debemus
621 1714 941 1757 nichilominus
963 1718 1013 1771 „et
1040 1718 1263 1763 tenemur,
1289 1717 1333 1757 et
1360 1715 1502 1758 nostri
1530 1715 1658 1757 simi-

93 1785 209 1833 liter,
240 1785 413 1827 dictum
439 1784 628 1850 feudum
651 1787 870 1833 tenentes,
903 1786 1135 1828 debebunt
1155 1789 1199 1828 et
1219 1786 1507 1834 tenebuntur,
1543 1786 1661 1828 dicto

90 1855 274 1898 domino
300 1855 510 1910 episcopo
531 1858 576 1897 et
602 1856 695 1897 suis
723 1856 1075 1904 successorihus,
1095 1870 1175 1911 pro
1197 1856 1315 1898 dicto
1336 1856 1486 1903 feudo,
1511 1856 1658 1898 facere

91 1926 328 1981 albergum
350 1925 506 1968 decem
524 1926 745 1968 militibus
767 1927 1018 1974 annuatim,
1039 1939 1140 1968 cum
1159 1927 1363 1982 requisiti
1380 1926 1597 1968 fuerimus
1618 1929 1663 1967 et

51 2044 58 2052 ⁴
91 2009 182 2038 non
206 1996 350 2044 alitem
381 1999 425 2038 et
444 1996 499 2037 de
520 1996 652 2038 annis
680 1996 727 2037 in
753 1997 920 2051 quibus
949 2010 1039 2039 non
1065 1996 1287 2039 fuerimus
1316 1997 1538 2051 requisiti,
1569 2010 1662 2038 non

93 2067 237 2122 possit
263 2067 499 2121 albergam
521 2066 786 2122 hujusmodi
812 2067 971 2123 repeti,
1003 2081 1086 2110 nec
1107 2067 1299 2109 feudum
1319 2068 1402 2110 hac
1428 2067 1661 2110 occasione

93 2136 226 2180 cadat
249 2137 297 2179 in
322 2137 636 2180 commissum.

151 2242 206 2285 Et
246 2255 330 2285 nos
357 2243 503 2286 dictus
553 2243 824 2287 Guillclmus
847 2244 1025 2287 Fredoli
1054 2245 1199 2293 miles,
1250 2245 1534 2301 recipientes,
1580 2257 1661 2301 pro

96 2312 215 2355 dicto
241 2312 427 2356 domino
454 2313 666 2369 episcopo
687 2317 732 2356 ct
758 2315 852 2357 suis
881 2316 1232 2358 successoribus.
1266 2316 1434 2358 dictam
1462 2315 1663 2370 recogni-

96 2383 288 2432 cionem,
319 2383 582 2438 homagium
609 2387 652 2426 et
676 2384 1000 2439 juramentum,
1056 2386 1296 2428 laudamus
1337 2389 1381 2428 et
1425 2385 1663 2427 coufirma-

99 2466 217 2502 mus,
248 2467 328 2509 pro
380 2454 499 2496 dicto
553 2455 740 2497 domino
769 2455 982 2511 episcopo
1013 2459 1056 2497 et
1110 2457 1293 2498 nomine
1322 2457 1483 2511 ipsius,
1533 2455 1664 2498 vobis

98 2523 312 2579 predictis
364 2524 594 2572 fratribus,
626 2528 671 2567 et
716 2526 895 2576 vestris,
946 2527 1199 2584 predictum
1226 2526 1416 2568 feudum
1442 2529 1486 2569 et
1511 2525 1666 2568 omnia

100 2595 146 2636 et
171 2593 351 2650 singula
376 2595 648 2650 supradicta.

162 2664 318 2707 Testes
340 2668 446 2707 sunt
469 2666 682 2720 magister
703 2661 895 2709 Poucius
922 2668 978 2710 dc
1005 2668 1174 2711 Colleto
1198 2667 1355 2723 judex,
1382 2667 1665 2711 Raimundus

102 2734 158 2776 de
186 2733 346 2777 Lirone
376 2736 591 2784 notarius,
611 2737 831 2779 Petrusdc
861 2738 1068 2780 Launaco
1086 2739 1322 2793 presbiter,
1348 2739 1591 2781 Guiraldus
1613 2738 1668 2778 «le

104 2803 327 2852 Gordone‚
353 2794 396 2847 et
429 2806 580 2861 plures
607 2807 698 2855 alii,
742 2810 785 2849 et
810 2809 1038 2851 Joliaunes
1096 2809 1321 2857 Bthchc,
1352 2808 1525 2851 domini
1552 2808 1670 2863 epis-

104 2875 206 2930 copi
231 2875 566 2930 Magalonensis
594 2877 640 2918 in
667 2891 749 2920 sua
769 2878 938 2921 diocesi
958 2882 1002 2921 et
1028 2880 1245 2922 comitatu
1265 2879 1526 2934 Mclgoriiet
1547 2879 1670 2919 Mon-

105 2944 364 2988 tisferrandi
403 2946 610 3001 publicus
639 2948 854 2997 notarius,
886 2949 965 3004 qui
1012 2950 1253 2992 mandatus
1282 2950 1364 2991 hcc
1408 2947 1587 3003 scripsit
1627 2950 1672 2989 et

273 3039 363 3069 cart.
386 3039 427 3070 de
449 3039 535 3077 Mag.
559 3041 594 3070 T.
620 3040 664 3070 ¹11
1372 3041 1409 3072 12
