2164 3575
1179 319 1367 361 *gn

494 425 615 469 idem
638 425 875 481 episcopus
898 423 1192 480 proponebat:
1218 424 1435 480 quoniam
1457 426 1600 466 totam
1619 422 1777 466 villam
1803 421 2061 478 predictam
2104 410 2111 414 ⁸

495 509 596 538 cum
626 496 718 539 suis
746 494 1029 551 pertinentiis
1057 493 1285 550 predictus
1305 492 1591 536 Raimundus
1617 492 1754 540 Petri,
1785 491 1860 535 vel
1883 491 1983 548 ipse
2002 493 2050 535 et

496 567 611 610 alius
650 567 696 609 id
740 565 860 622 quod
912 565 1081 608 habent
1106 564 1293 612 ibidem,
1324 567 1477 606 tenere
1522 562 1720 606 debcant
1744 562 1802 605 ab
1840 562 2055 619 episcopo

496 636 820 693 Magalonensi,
851 639 1071 692 tanquam
1095 647 1121 677 a
1142 634 1327 677 domino
1351 632 1523 689 majori;
1548 646 1639 690 quo
1687 632 1933 682 mediante,
1964 645 2055 676 non

497 709 646 752 solum
673 708 831 750 villam
852 707 1117 763 predictam,
1149 705 1229 748 sed
1256 705 1399 747 eciam
1426 704 1723 747 execucioues
1748 703 2049 759 justiciamm,

496 782 591 823 tam
636 780 682 821 in
708 778 919 822 civilibus
946 790 1086 833 quain
1113 777 1159 818 in
1196 775 1511 819 criminalibus
1560 774 1725 824 causis,
1755 774 1925 818 dictus·
1951 774 2055 819 Rai-

496 849 695 893 mundus
722 848 841 892 Petri
861 847 1060 891 noscitur
1084 847 1197 889 inibi
1221 846 1439 890 obtinere.

556 921 674 963 Sanc
702 918 914 975 predictis
935 921 980 961 et
1004 918 1120 966 aliis,
1145 931 1234 975 que
1261 917 1444 960 fuerunt
1463 916 1696 972 proposita
1721 915 1826 959 hinc
1852 918 1897 959 et
1921 915 2044 965 inde,

495 990 662 1035 auditis
689 990 928 1045 diligenter
970 992 1015 1031 et
1039 988 1293 1037 intellectis,
1341 988 1454 1031 lecto
1480 987 1624 1030 eciam
1650 988 1695 1030 et
1738 986 1982 1043 explanato
2006 985 2056 1028 in
2093 990 2097 991 ’

495 1061 728 1118 publicum
765 1060 1012 1116 vulgariter
1037 1062 1080 1102 et
1106 1059 1243 1102 latine
1282 1058 1521 1114 privilegio
1548 1057 1690 1100 felicis
1727 1056 2058 1100 recordacionis

494 1131 667 1175 domini
695 1131 907 1186 Philippi,
939 1130 1134 1172 condam
1184 1128 1466 1171 serenissimi
1490 1129 1610 1184 regis
1637 1127 1839 1176 Francie,
1869 1128 1929 1171 ad
1956 1140 2058 1174 mu-

494 1204 620 1245 tuam
664 1201 1076 1249 interlocutionem,
1107 1202 1348 1242 tractatum
1373 1202 1420 1241 'et
1456 1198 1802 1241 ordinacionem
1829 1198 2054 1242 dictorum

492 1272 810 1320 mediatorum,
859 1271 1049 1327 prestita
1086 1269 1291 1326 parcium
1336 1269 1583 1318 voluntate,
1606 1283 1683 1323 jac
1725 1268 2055 1312 interveniente

494 1345 652 1386 mutuo
687 1355 929 1390 consensu,
961 1341 1066 1384 fecit
1092 1340 1238 1383 dictus
1265 1340 1430 1383 nobilis
1456 1340 1575 1383 dicto
1613 1340 1799 1383 domino
1843 1339 2057 1398 episcopo

490 1412 801 1469 Magalonensi
827 1411 1202 1467 recognicionem‚
1233 1415 1278 1454 et
1297 1412 1440 1472 idem·
1459 1411 1673 1454 dominus
1699 1400 1940 1467 episcopus
1964 1411 2058 1454 dio-

489 1488 535 1527 to
562 1484 705 1526 nobili
730 1483 1046 1526 remissionem
1083 1496 1221 1538 super
1246 1485 1290 1524 et
1316 1483 1372 1525 de
1399 1482 1613 1538 predictis
1639 1467 1853 1526 omnibus
1879 1485 1925 1526 et
1965 1481 2058 1526 Sin·
2105 1513 2107 1515 -

489 1556 607 1612 gulis
635 1556 719 1597 sub
746 1555 830 1596 hac
856 1553 1017 1596 forma:

548 1698 640 1753 Ego
668 1699 952 1741 Raimundus
977 1697 1111 1744 Petri,
1142 1697 1354 1740 dominus
1393 1697 1501 1739 ville
1528 1697 1733 1752 Agant-ici
1761 1697 2056 1750 et00mnium

490 1770 823 1825 pertinencium
867 1769 925 1811 ad
971 1768 1178 1817 eandem,
1210 1769 1410 1823 prudeus
1438 1771 1481 1810 et
1529 1768 1802 1821 cercioratus
1830 1768 1887 1811 de
1937 1767 2055 1812 facto

490 1853 571 1896 per
597 1840 835 1896 privilegia
861 1843 906 1882 et
948 1839 1253 1882 instrumenta
1277 1839 1479 1894 antiqua,
1510 1842 1788 1894 spontaneus
1838 1838 2057 1883 confiteor

491 1913 536 1954 et
561 1924 832 1966 recognosco
859 1923 940 1966 per
965 1923 1038 1953 me
1077 1913 1122 1952 et
1150 1923 1290 1958 meos,
1322 1910 1443 1952 bona
1478 1909 1578 1975 ⁴>fide
1606 1912 1650 1952 et
1675 1910 1773 1952 sine
1800 1910 1920 1959 dolo,
1949 1923 2054 1953 cum

491 1981 575 2026 hac
596 1982 777 2038 publica
801 1985 939 2030 carta,
974 1981 1101 2025 vobis
1128 1981 1313 2024 domino
1341 1981 1626 2036 Bercngario,
1657 1981 1737 2024 Dei
1764 1981 1910 2036 gratia
1935 1981 2056 2038 epis-

490 2065 601 2109 copo
627 2052 952 2107 Magalonensi,
991 2052 1113 2109 quod
1140 2065 1222 2107 ego
1250 2052 1395 2094 habeo
1423 2054 1467 2094 et
1495 2054 1640 2100 teneo,
1671 2052 1840 2096 habere
1865 2055 1912 2096 et
1931 2055 2057 2096 tene-

491 2135 540 2165 re
566 2123 709 2165 debeo
735 2136 762 2164 a
787 2122 917 2165 vobis
944 2124 988 2164 et
1015 2122 1177 2165 vestris
1206 2122 1541 2164 successoribus
1568 2122 1615 2164 in
1662 2121 1865 2172 feudum,
1895 2122 2057 2166 videli-

492 2195 563 2236 cet
588 2192 961 2241 dominationem,
1010 2192 1206 2248 majores
1231 2192 1434 2248 justicias
1461 2196 1505 2235 et
1555 2193 1770 2242 minores,
1801 2195 1846 2236 et
1870 2207 2056 2238 omnem

491 2264 679 2307 omnino
704 2263 1068 2319 jurisdiccionem
1095 2263 1233 2306 totius
1260 2263 1367 2305 ville
1396 2263 1611 2320 predicte,
1637 2277 1687 2306 ac
1726 2264 2055 2320 pertinentium

493 2334 551 2377 ad
590 2334 798 2382 eandem,
830 2348 883 2377 eo
910 2335 1134 2376 duntaxat
1161 2337 1351 2389 excepto
1396 2335 1517 2390 quod
1547 2348 1692 2390 nuper
1716 2348 1744 2377 a
1776 2348 1848 2378 me
1878 2335 1962 2378 fuit
1986 2350 2056 2380 re-

493 2405 723 2460 cognitum
750 2404 941 2447 Heurico
968 2405 1185 2460 predicto,
1217 2407 1259 2447 et
1287 2409 1476 2460 excepto
1506 2419 1663 2448 manso
1690 2406 1746 2448 de
1784 2405 1945 2455 MoleS,
1975 2408 2055 2464 qui

495 2479 564 2519 est
589 2476 636 2518 in
668 2476 930 2531 episcopatu
956 2476 1272 2524 Nemausensi,
1302 2489 1441 2532 quem
1470 2478 1602 2519 teneo
1628 2477 1686 2518 ab
1706 2477 1812 2527 alio;

553 2547 763 2589 Preterea
788 2546 1005 2588 confiteor
1031 2549 1075 2588 et
1102 2546 1357 2601 specialiter
1382 2560 1473 2589 una
1497 2560 1601 2589 cum
1634 2547 1735 2590 aliis
1785 2561 2054 2604 recognosco

493 2616 641 2664 vobis,
672 2616 858 2659 domino
886 2616 1098 2672 episcopo
1125 2616 1400 2672 supradicto,
1419 2618 1540 2673 quod
1569 2632 1650 2672 ego
1671 2619 1816 2662 habco
1837 2623 1882 2663 et
1903 2624 2050 2668 teneo,

494 2688 664 2730 habere
692 2690 736 2729 ct
763 2690 918 2729 tenere
946 2687 1090 2730 debeo
1117 2687 1163 2729 in
1214 2687 1417 2735 feudum,
1449 2689 1609 2730 eodem
1661 2690 1796 2732 modo
1823 2693 1867 2733 et
1887 2690 2048 2742 forma,

491 2773 519 2802 a
554 2758 686 2802 vobis
714 2761 758 2800 et
790 2758 955 2800 vestris
983 2757 1334 2806 successoribus,
1365 2759 1520 2800 omnia
1546 2759 1623 2801 illa
1649 2763 1693 2802 et
1719 2761 1912 2816 singula,
1943 2777 2053 2819 que—

490 2842 686 2885 cumque
713 2828 803 2871 sint
829 2829 902 2870 vel
953 2829 1319 2885 qualiacumque,
1373 2843 1462 2885 que
1489 2830 1598 2872 olim
1643 2845 1670 2874 a
1699 2845 1769 2875 me
1822 2834 1896 2876 vel
1937 2834 2051 2878 meis

490 2900 841 2957 projenitoribus
869 2899 1051 2942 fuerunt
1088 2900 1317 2955 recognita
1337 2901 1498 2943 vestris
1544 2903 1956 2957 predecessoribus,
1985 2906 2054 2948 in-

490 2971 559 3015 fra
583 2971 657 3012 vel
684 2973 814 3012 extra
839 2970 997 3012 villam
1024 2971 1288 3025 predictam,
1319 2984 1423 3027 quc,
1454 2985 1506 3015 ac
1532 2972 1648 3017 sicut
1666 2973 1714 3016 in
1735 2974 2050 3020 instrumentis
