2040 3404
789 166 1035 210 -501-

123 270 367 326 stipulanti
394 274 438 314 et.
468 272 602 314 etiam
634 273 884 329 recipienti,
913 273 1161 329 judicatum
1201 273 1315 316 solvi
1342 286 1444 315 cum
1472 273 1684 316 omnibus

135 341 229 383 suis
255 342 467 385 clausulis
514 343 599 384 sub
626 344 749 385 omni
774 345 913 387 nostri
958 344 1173 400 episcopii
1195 343 1429 400 ypotheea;
1478 343 1682 388 volentes

134 411 269 453 etiam
291 413 411 468 quod
435 413 470 455 si
500 413 542 454 in
568 415 764 468 presenti
795 415 1097 470 procuratorio
1118 415 1271 470 aliqua
1292 413 1456 456 fuerint
1477 414 1685 458 obmissa

118 495 220 537 ,que
237 483 553 526 substantialia
568 484 821 533 videantur,
838 485 1090 528 habeantur
1103 488 1148 528 et
1161 485 1467 540 intelligantur
1482 489 1532 530 ut
1550 485 1682 541 plene

131 553 278 607 posita
293 557 337 595 ct
353 568 583 610 expressa;
601 555 819 597 habentes
839 559 984 598 ratum
1003 559 1047 598 et¹
1062 556 1248 598 firmum
1263 555 1478 612 quicquid
1497 569 1578 612 per
1591 557 1683 599 dic-

131 627 228 665 tum
244 628 578 680 procuratorem
595 630 800 668 nostrum
817 627 1047 669 bacivnus.
1063 627 1244 669 nomine
1261 629 1427 675 nostro,
1440 627 1683 670 contradic-

130 698 246 742 tum,
278 698 595 751 protestatum,
619 697 962 752 proclamatum,
989 698 1272 753 requisitum,
1297 711 1377 740 seu
1403 698 1681 754 appellatum

128 765 323 808 fueritin
345 766 511 822 judicio
527 767 598 810 vcl
616 770 760 816 extra,
779 772 1122 824 etquecumque
1137 771 1181 810 et
1206 781 1356 812 coram
1378 781 1677 826 quocumque.

186 838 296 880 Acta
317 837 498 880 fuerunt
522 837 605 880 hec
647 839 770 894 apud
804 838 1316 894 Montempessulanum,
1360 839 1407 882 in
1432 839 1537 882 aula
1562 839 1682 896 epis-

126 908 287 964 copali,
329 922 446 951 anno
497 908 676 951 Domini
729 909 971 952 millesimo
1016 910 1325 953 ducentesimo
1375 911 1681 966 octuagesimo

125 979 270 1023 tertio.
294 979 438 1023 scilcet
456 979 662 1022 kalendis
679 980 950 1036 septembris
972 980 1157 1023 domino
1179 981 1386 1037 Philippo
1407 981 1680 1024 Francorum

124 1063 227 1105 rege
254 1054 485 1107 regnante,
515 1054 560 1093 et
586 1050 756 1107 prefato
785 1051 968 1094 domino
1008 1052 1287 1106 Berengario‚
1320 1052 1400 1095 Dei
1424 1052 1568 1108 gratia
1586 1052 1679 1096 Ma-

122 1121 354 1176 galonensi
405 1123 630 1178 episeopo,
677 1123 948 1179 presulante,
999 1123 1042 1164 iu
1083 1123 1309 1178 present-ia
1334 1126 1378 1166 et
1423 1123 1678 1166 testimonio

123 1192 295 1235 domini
344 1193 603 1249 Randulphi
654 1193 852 1237 Savarici
881 1194 1062 1236 rectoris
1113 1193 1297 1236 ecclesie
1324 1194 1380 1237 de
1406 1193 1599 1243 Molinis,
1630 1197 1675 1236 et

124 1263 326 1319 magistri
354 1264 580 1307 Guillelmi
608 1265 663 1307 de
717 1263 866 1306 Valles
910 1264 1222 1307 canonicorum
1269 1264 1671 1319 Magalonensium,

121 1334 294 1377 domiui
322 1335 553 1378 Bertrandi
580 1335 746 1378 Mathei
766 1335 973 1377 officialis
997 1334 1340 1389 magalonensis,
1365 1335 1537 1378 domini
1558 1335 1674 1378 Petri

122 1405 380 1462 Raymumli
408 1406 578 1454 militis,
603 1406 776 1449 domini
803 1406 1031 1449 Guillelnii
1058 1410 1113 1448 de
1145 1405 1443 1461 Valauquesio
1493 1405 1675 1449 rectoris

116 1477 306 1519 ecclesie
327 1477 382 1519 de
403 1477 632 1533 Agantioe,
653 1480 698 1519 ct
717 1477 804 1519 mci
828 1477 1015 1532 predicti
1036 1477 1153 1519 Petri
1169 1476 1224 1519 de
1246 1475 1482 1524 viridario,
1509 1476 1673 1532 publici

122 1548 278 1589 notarii
319 1547 426 1591 dicti
453 1548 621 1590 domini
652 1547 848 1603 episcopi
877 1547 919 1589 in
945 1551 1034 1590 toto
1062 1546 1369 1601 Megalesiensi
1413 1547 1673 1602 episcopatu

119 1622 164 1662 rt
189 1619 404 1662 comitatu
442 1619 645 1674 Melgorii
672 1621 715 1661 et
763 1619 1143 1664 Montisierrandi,
1177 1618 1270 1673 qui,
1302 1617 1516 1661 mandato
1567 1617 1673 1659 dicti

121 1690 291 1731 ‹lomini
338 1691 535 1745 episcopi
559 1693 602 1733 ct
654 1690 883 1732 voluntate
912 1689 1014 1731 dicti
1069 1688 1382 1744 procuratoris,
1424 1687 1676 1743 predic-tum

119 1764 376 1815 presentem
404 1761 758 1816 procuratorium
787 1760 943 1815 scripsi
972 1762 1015 1802 et
1042 1759 1168 1813 signo
1191 1772 1291 1801 meo
1318 1758 1512 1814 signavi.

177 1893 284 1934 Item
307 1892 363 1934 ad
393 1891 646 1934 faciendum
677 1891 814 1933 l'itlem
842 1890 895 1933 de
923 1891 1142 1932 contentis
1169 1890 1214 1931 in
1242 1889 1360 1932 dieta
1400 1889 1566 1932 sedula
1595 1903 1669 1945 pa·

115 1963 216 2019 piri,
246 1964 390 2006 dictus
417 1966 689 2019 procurator.
723 1963 900 2004 nomine
922 1974 1010 2016 quo
1055 1973 1204 2015 supra,
1259 1960 1466 2002 exhibuit
1503 1964 1546 2001 et
1573 1973 1671 2016 pro-

118 2035 247 2076 ‹lnxit
266 2035 514 2091 quamdam
537 2037 764 2089 patentem
794 2033 1002 2080 litteram,
1034 2032 1178 2086 sigillo
1224 2044 1386 2086 magno
1409 2031 1528 2085 regio
1557 2043 1662 2085 pen-

116 2106 254 2151 denti,
286 2108 335 2146 ut
370 2105 513 2161 prima
540 2105 650 2146 facie
678 2104 940 2160 apparebat,
972 2102 1227 2156 sigsslatann
1261 2102 1392 2157 cujus
1417 2105 1544 2144 tenor
1564 2101 1666 2144 talis

116 2180 197 2218 ost:

172 2318 407 2374 Philippus
436 2319 513 2360 Dei
539 2317 684 2372 gratia
709 2324 811 2364 elc.‚·
840 2316 937 2357 υοὶν
961 2315 1071 2372 plus
1105 2313 1218 2356 haut
1245 2321 1290 2355 ⁷2⁰
1316 2314 1410 2356 850
1429 2327 1482 2354 en
1502 2312 1657 2355 entier.

172 2461 283 2503 Item
318 2460 527 2517 produxit
557 2463 602 2502 et
627 2458 833 2502 exhibuit
876 2458 1122 2514 quamdam
1176 2459 1411 2512 patentem
1468 2455 1662 2498 litteram

113 2531 283 2574 domini
310 2530 543 2574 senescalli
572 2529 805 2573 Bellicadri
832 2532 876 2571 et
901 2528 1128 2576 Nemausi,
1157 2526 1304 2581 sigillo
1332 2524 1534 2580 ejusdem
1562 2538 1662 2567 cere

114 2601 269 2644 viridis
290 2603 334 2644 in
357 2603 488 2644 dorso
516 2601 773 2656 sigillatam;
804 2599 931 2654 cujus
961 2602 1086 2640 tenor
1115 2597 1213 2640 talis
1241 2600 1322 2639 est:

172 2744 382 2785 All'ousus
404 2746 456 2785 dc
486 2745 719 2798 ltovcrayo
745 2749 847 2788 elc·.,·
871 2741 967 2782 υοίι·
982 2738 1095 2800 plus
1116 2738 1231 2781 haut
1250 2746 1297 2779 71⁰
1312 2738 1409 2782 852
1427 2751 1478 2778 en
1501 2736 1656 2778 entier.

275 2899 366 2928 Cart.
389 2898 431 2928 de
453 2898 539 2935 Mag.
561 2897 599 2927 T.
622 2895 667 2926 ut
1394 2890 1430 2920 w
