<?xml version="1.0" encoding="UTF-8"?>
<!DOCTYPE html PUBLIC "-//W3C//DTD XHTML 1.0 Transitional//EN"
    "http://www.w3.org/TR/xhtml1/DTD/xhtml1-transitional.dtd">
<html xmlns="http://www.w3.org/1999/xhtml" xml:lang="en" lang="en">
 <head>
  <title>
</title>
<meta http-equiv="Content-Type" content="text/html;charset=utf-8" />
  <meta name='ocr-system' content='tesseract 3.04.00' />
  <meta name='ocr-capabilities' content='ocr_page ocr_carea ocr_par ocr_line ocrx_word'/>
</head>
<body>
  <div class='ocr_page' id='page_1' title='image "./cartulairedemagu03cathuoft_0387.png"; bbox 0 0 2107 3404; ppageno 0'>
   <div class='ocr_carea' id='block_1_1' title="bbox 810 284 1064 329">
    <p class='ocr_par' dir='ltr' id='par_1_1' title="bbox 810 284 1064 329">
     <span class='ocr_line' id='line_1_1' title="bbox 810 284 1064 329; baseline 0.004 -1"><span class='ocrx_word' id='word_1_1' title='bbox 810 310 865 317; x_wconf 91' lang='lat'>—</span> <span class='ocrx_word' id='word_1_2' title='bbox 895 284 1064 329; x_wconf 72' lang='lat'><strong>375—-</strong></span> 
     </span>
    </p>
   </div>
   <div class='ocr_carea' id='block_1_2' title="bbox 152 384 1717 452">
    <p class='ocr_par' dir='ltr' id='par_1_2' title="bbox 66 383 1717 452">
     <span class='ocr_line' id='line_1_2' title="bbox 152 384 1717 452; baseline -0.002 -14.208"><span class='ocrx_word' id='word_1_3' title='bbox 152 384 448 442; x_wconf 60' lang='lat' dir='ltr'>{otmundum</span> <span class='ocrx_word' id='word_1_4' title='bbox 474 391 806 452; x_wconf 83' lang='lat' dir='ltr'>conscienciam</span> <span class='ocrx_word' id='word_1_5' title='bbox 844 391 989 450; x_wconf 90' lang='lat' dir='ltr'>ipsius</span> <span class='ocrx_word' id='word_1_6' title='bbox 1015 390 1205 435; x_wconf 62' lang='lat' dir='ltr'>domini*</span> <span class='ocrx_word' id='word_1_7' title='bbox 1217 389 1433 449; x_wconf 74' lang='lat' dir='ltr'>episcopi,</span> <span class='ocrx_word' id='word_1_8' title='bbox 1464 389 1588 446; x_wconf 86' lang='lat' dir='ltr'>idem</span> <span class='ocrx_word' id='word_1_9' title='bbox 1638 404 1717 434; x_wconf 86' lang='lat' dir='ltr'>au-</span> 
     </span>
    </p>
   </div>
   <div class='ocr_carea' id='block_1_3' title="bbox 5 460 1716 661">
    <p class='ocr_par' dir='ltr' id='par_1_3' title="bbox 5 460 1716 661">
     <span class='ocr_line' id='line_1_3' title="bbox 62 460 1716 530; baseline -0.002 -24"><span class='ocrx_word' id='word_1_10' title='bbox 62 493 67 530; x_wconf 74' lang='lat'><em>5</em></span> <span class='ocrx_word' id='word_1_11' title='bbox 153 461 274 506; x_wconf 84' lang='lat' dir='ltr'>ditor</span> <span class='ocrx_word' id='word_1_12' title='bbox 297 461 433 507; x_wconf 83' lang='lat' dir='ltr'>faciat</span> <span class='ocrx_word' id='word_1_13' title='bbox 456 462 659 520; x_wconf 77' lang='lat' dir='ltr'><strong>aliquam</strong></span> <span class='ocrx_word' id='word_1_14' title='bbox 685 462 945 520; x_wconf 88' lang='lat' dir='ltr'>inquestam</span> <span class='ocrx_word' id='word_1_15' title='bbox 971 474 1052 506; x_wconf 87' lang='lat' dir='ltr'>seu</span> <span class='ocrx_word' id='word_1_16' title='bbox 1101 460 1367 518; x_wconf 70' lang='lat' dir='ltr'>appi-isim,</span> <span class='ocrx_word' id='word_1_17' title='bbox 1398 473 1458 504; x_wconf 92' lang='lat' dir='ltr'>an</span> <span class='ocrx_word' id='word_1_18' title='bbox 1501 460 1716 504; x_wconf 86' lang='lat' dir='ltr'>videlicet</span> 
     </span>
     <span class='ocr_line' id='line_1_4' title="bbox 61 531 1714 602; baseline 0 -26"><span class='ocrx_word' id='word_1_19' title='bbox 61 563 87 602; x_wconf 64' lang='lat'>³.</span> <span class='ocrx_word' id='word_1_20' title='bbox 151 532 260 576; x_wconf 89' lang='lat' dir='ltr'>dicti</span> <span class='ocrx_word' id='word_1_21' title='bbox 285 533 494 577; x_wconf 91' lang='lat' dir='ltr'>consules</span> <span class='ocrx_word' id='word_1_22' title='bbox 522 534 714 590; x_wconf 88' lang='lat' dir='ltr'>probent</span> <span class='ocrx_word' id='word_1_23' title='bbox 738 532 828 577; x_wconf 88' lang='lat' dir='ltr'>tale</span> <span class='ocrx_word' id='word_1_24' title='bbox 849 532 975 589; x_wconf 90' lang='lat' dir='ltr'>quid,</span> <span class='ocrx_word' id='word_1_25' title='bbox 1001 534 1185 590; x_wconf 89' lang='lat' dir='ltr'>propter</span> <span class='ocrx_word' id='word_1_26' title='bbox 1203 531 1326 589; x_wconf 91' lang='lat' dir='ltr'>quod</span> <span class='ocrx_word' id='word_1_27' title='bbox 1351 535 1570 588; x_wconf 85' lang='lat' dir='ltr'>appareat</span> <span class='ocrx_word' id='word_1_28' title='bbox 1591 532 1714 588; x_wconf 87' lang='lat' dir='ltr'>ipsos</span> 
     </span>
     <span class='ocr_line' id='line_1_5' title="bbox 5 603 1710 661; baseline -0.001 -14"><span class='ocrx_word' id='word_1_29' title='bbox 5 605 8 608; x_wconf 81' lang='grc'><strong><em>’</em></strong></span> <span class='ocrx_word' id='word_1_30' title='bbox 73 627 76 629; x_wconf 90' lang='grc'>-</span> <span class='ocrx_word' id='word_1_31' title='bbox 151 603 382 651; x_wconf 81' lang='lat' dir='ltr'>consules.</span> <span class='ocrx_word' id='word_1_32' title='bbox 413 604 470 647; x_wconf 92' lang='lat' dir='ltr'>de</span> <span class='ocrx_word' id='word_1_33' title='bbox 495 603 593 661; x_wconf 85' lang='lat' dir='ltr'>jure</span> <span class='ocrx_word' id='word_1_34' title='bbox 620 617 672 648; x_wconf 91' lang='lat' dir='ltr'>ac</span> <span class='ocrx_word' id='word_1_35' title='bbox 695 604 830 660; x_wconf 84' lang='lat' dir='ltr'>juste,</span> <span class='ocrx_word' id='word_1_36' title='bbox 861 603 1062 647; x_wconf 84' lang='lat' dir='ltr'>talliasse</span> <span class='ocrx_word' id='word_1_37' title='bbox 1084 603 1271 646; x_wconf 88' lang='lat' dir='ltr'>clericos</span> <span class='ocrx_word' id='word_1_38' title='bbox 1291 603 1710 659; x_wconf 80' lang='lat' dir='ltr'>Montispessulani,</span> 
     </span>
    </p>
   </div>
   <div class='ocr_carea' id='block_1_4' title="bbox 71 673 1718 948">
    <p class='ocr_par' dir='ltr' id='par_1_4' title="bbox 59 654 1718 787">
     <span class='ocr_line' id='line_1_6' title="bbox 75 673 1718 732; baseline -0.001 -15.01"><span class='ocrx_word' id='word_1_39' title='bbox 75 705 89 729; x_wconf 61' lang='lat'>4</span> <span class='ocrx_word' id='word_1_40' title='bbox 151 676 340 731; x_wconf 89' lang='lat' dir='ltr'>propter</span> <span class='ocrx_word' id='word_1_41' title='bbox 364 675 487 732; x_wconf 88' lang='lat' dir='ltr'>quod</span> <span class='ocrx_word' id='word_1_42' title='bbox 537 675 720 718; x_wconf 83' lang='lat' dir='ltr'>fuerant</span> <span class='ocrx_word' id='word_1_43' title='bbox 745 674 1130 718; x_wconf 87' lang='lat' dir='ltr'>excommunicati</span> <span class='ocrx_word' id='word_1_44' title='bbox 1180 687 1207 717; x_wconf 86' lang='lat' dir='ltr'>a</span> <span class='ocrx_word' id='word_1_45' title='bbox 1233 673 1352 717; x_wconf 84' lang='lat' dir='ltr'>dicto</span> <span class='ocrx_word' id='word_1_46' title='bbox 1379 673 1565 717; x_wconf 91' lang='lat' dir='ltr'>domino</span> <span class='ocrx_word' id='word_1_47' title='bbox 1617 673 1718 716; x_wconf 73' lang='lat' dir='ltr'>offi-</span> 
     </span>
     <span class='ocr_line' id='line_1_7' title="bbox 87 744 1382 791; baseline 0.002 -7"><span class='ocrx_word' id='word_1_48' title='bbox 87 780 89 784; x_wconf 85' lang='lat'><em>.</em></span> <span class='ocrx_word' id='word_1_49' title='bbox 150 744 268 791; x_wconf 89' lang='lat' dir='ltr'>ciali.</span> <span class='ocrx_word' id='word_1_50' title='bbox 1369 751 1382 762; x_wconf 83' lang='lat'><em>⁰</em></span> 
     </span>
    </p>

    <p class='ocr_par' dir='ltr' id='par_1_5' title="bbox 79 781 1714 871">
     <span class='ocr_line' id='line_1_8' title="bbox 79 781 1714 871; baseline -0.001 -12"><span class='ocrx_word' id='word_1_51' title='bbox 79 807 82 810; x_wconf 40' lang='lat'><em>¹</em></span> <span class='ocrx_word' id='word_1_52' title='bbox 210 815 338 859; x_wconf 89' lang='lat' dir='ltr'>Unde</span> <span class='ocrx_word' id='word_1_53' title='bbox 364 815 482 859; x_wconf 84' lang='lat' dir='ltr'>dixit</span> <span class='ocrx_word' id='word_1_54' title='bbox 506 786 653 859; x_wconf 87' lang='lat' dir='ltr'>dictus</span> <span class='ocrx_word' id='word_1_55' title='bbox 697 781 911 859; x_wconf 48' lang='lat' dir='ltr'>dolninus</span> <span class='ocrx_word' id='word_1_56' title='bbox 960 815 1142 858; x_wconf 78' lang='lat' dir='ltr'>auditor</span> <span class='ocrx_word' id='word_1_57' title='bbox 1175 814 1298 871; x_wconf 88' lang='lat' dir='ltr'>quod</span> <span class='ocrx_word' id='word_1_58' title='bbox 1342 815 1516 858; x_wconf 89' lang='lat' dir='ltr'>vocatio</span> <span class='ocrx_word' id='word_1_59' title='bbox 1570 815 1714 871; x_wconf 88' lang='lat' dir='ltr'>ipsius</span> 
     </span>
    </p>

    <p class='ocr_par' dir='ltr' id='par_1_6' title="bbox 58 883 1415 948">
     <span class='ocr_line' id='line_1_9' title="bbox 71 885 1415 948; baseline 0 -20"><span class='ocrx_word' id='word_1_60' title='bbox 71 903 80 947; x_wconf 69' lang='lat' dir='ltr'><em>j</em></span> <span class='ocrx_word' id='word_1_61' title='bbox 149 885 323 929; x_wconf 91' lang='lat' dir='ltr'>domini</span> <span class='ocrx_word' id='word_1_62' title='bbox 348 885 561 930; x_wconf 79' lang='lat' dir='ltr'>officialis</span> <span class='ocrx_word' id='word_1_63' title='bbox 587 886 698 930; x_wconf 88' lang='lat' dir='ltr'>satis</span> <span class='ocrx_word' id='word_1_64' title='bbox 724 886 783 929; x_wconf 91' lang='lat' dir='ltr'>ad</span> <span class='ocrx_word' id='word_1_65' title='bbox 809 886 894 928; x_wconf 90' lang='lat' dir='ltr'>hoc</span> <span class='ocrx_word' id='word_1_66' title='bbox 921 885 1132 929; x_wconf 76' lang='lat' dir='ltr'>sufficere</span> <span class='ocrx_word' id='word_1_67' title='bbox 1159 885 1415 948; x_wconf 82' lang='lat' dir='ltr'>videbatur.</span> 
     </span>
    </p>
   </div>
   <div class='ocr_carea' id='block_1_5' title="bbox 208 1026 1716 1093">
    <p class='ocr_par' dir='ltr' id='par_1_7' title="bbox 208 1026 1716 1093">
     <span class='ocr_line' id='line_1_10' title="bbox 208 1026 1716 1093; baseline 0 -23"><span class='ocrx_word' id='word_1_68' title='bbox 208 1026 363 1070; x_wconf 83' lang='lat' dir='ltr'>Dictus</span> <span class='ocrx_word' id='word_1_69' title='bbox 390 1040 499 1070; x_wconf 86' lang='lat' dir='ltr'>vero</span> <span class='ocrx_word' id='word_1_70' title='bbox 525 1027 740 1071; x_wconf 88' lang='lat' dir='ltr'>dominus</span> <span class='ocrx_word' id='word_1_71' title='bbox 760 1026 991 1093; x_wconf 34' lang='lat' dir='ltr'>officialis,-</span> <span class='ocrx_word' id='word_1_72' title='bbox 1025 1029 1273 1084; x_wconf 82' lang='lat' dir='ltr'>protestato</span> <span class='ocrx_word' id='word_1_73' title='bbox 1298 1027 1436 1084; x_wconf 89' lang='lat' dir='ltr'>quod,</span> <span class='ocrx_word' id='word_1_74' title='bbox 1459 1040 1542 1084; x_wconf 88' lang='lat' dir='ltr'>per</span> <span class='ocrx_word' id='word_1_75' title='bbox 1562 1027 1716 1084; x_wconf 89' lang='lat' dir='ltr'>aliqua</span> 
     </span>
    </p>
   </div>
   <div class='ocr_carea' id='block_1_6' title="bbox 0 1097 1714 1226">
    <p class='ocr_par' dir='ltr' id='par_1_8' title="bbox 0 1097 1714 1226">
     <span class='ocr_line' id='line_1_11' title="bbox 0 1097 1714 1153; baseline 0 -13"><span class='ocrx_word' id='word_1_76' title='bbox 0 1101 1 1119; x_wconf 68' lang='lat'><em>³</em></span> <span class='ocrx_word' id='word_1_77' title='bbox 148 1109 239 1153; x_wconf 85' lang='lat' dir='ltr'>que</span> <span class='ocrx_word' id='word_1_78' title='bbox 260 1097 380 1141; x_wconf 88' lang='lat' dir='ltr'>dicat</span> <span class='ocrx_word' id='word_1_79' title='bbox 403 1098 480 1141; x_wconf 87' lang='lat' dir='ltr'>vel</span> <span class='ocrx_word' id='word_1_80' title='bbox 505 1097 657 1148; x_wconf 85' lang='lat' dir='ltr'>faciat,</span> <span class='ocrx_word' id='word_1_81' title='bbox 687 1111 778 1141; x_wconf 90' lang='lat' dir='ltr'>non</span> <span class='ocrx_word' id='word_1_82' title='bbox 797 1097 993 1141; x_wconf 81' lang='lat' dir='ltr'>intendit</span> <span class='ocrx_word' id='word_1_83' title='bbox 1036 1097 1167 1140; x_wconf 87' lang='lat' dir='ltr'>dictis</span> <span class='ocrx_word' id='word_1_84' title='bbox 1194 1097 1366 1140; x_wconf 87' lang='lat' dir='ltr'>clericis</span> <span class='ocrx_word' id='word_1_85' title='bbox 1393 1097 1714 1140; x_wconf 83' lang='lat' dir='ltr'>universaliter</span> 
     </span>
     <span class='ocr_line' id='line_1_12' title="bbox 58 1167 1712 1226; baseline 0 -16"><span class='ocrx_word' id='word_1_86' title='bbox 58 1179 85 1190; x_wconf 84' lang='lat'>··</span> <span class='ocrx_word' id='word_1_87' title='bbox 145 1169 227 1210; x_wconf 88' lang='lat' dir='ltr'>aut</span> <span class='ocrx_word' id='word_1_88' title='bbox 251 1167 582 1224; x_wconf 76' lang='lat' dir='ltr'>particulariter</span> <span class='ocrx_word' id='word_1_89' title='bbox 601 1169 647 1211; x_wconf 89' lang='lat' dir='ltr'>in</span> <span class='ocrx_word' id='word_1_90' title='bbox 674 1168 828 1225; x_wconf 82' lang='lat' dir='ltr'>aliquo</span> <span class='ocrx_word' id='word_1_91' title='bbox 854 1168 1157 1226; x_wconf 81' lang='lat' dir='ltr'>prejudicium</span> <span class='ocrx_word' id='word_1_92' title='bbox 1184 1167 1404 1224; x_wconf 83' lang='lat' dir='ltr'>generari,</span> <span class='ocrx_word' id='word_1_93' title='bbox 1430 1167 1549 1210; x_wconf 86' lang='lat' dir='ltr'>dixit</span> <span class='ocrx_word' id='word_1_94' title='bbox 1569 1168 1712 1210; x_wconf 88' lang='lat' dir='ltr'>dictos</span> 
     </span>
    </p>
   </div>
   <div class='ocr_carea' id='block_1_7' title="bbox 74 1237 1711 1500">
    <p class='ocr_par' dir='ltr' id='par_1_9' title="bbox 108 1237 1704 1297">
     <span class='ocr_line' id='line_1_13' title="bbox 108 1237 1704 1297; baseline 0.001 -16"><span class='ocrx_word' id='word_1_95' title='bbox 108 1290 111 1292; x_wconf 20' lang='lat'>¹</span> <span class='ocrx_word' id='word_1_96' title='bbox 145 1237 359 1282; x_wconf 89' lang='lat' dir='ltr'>dominos</span> <span class='ocrx_word' id='word_1_97' title='bbox 384 1239 608 1289; x_wconf 91' lang='lat' dir='ltr'>consules,</span> <span class='ocrx_word' id='word_1_98' title='bbox 637 1239 717 1297; x_wconf 91' lang='lat' dir='ltr'>qui</span> <span class='ocrx_word' id='word_1_99' title='bbox 743 1241 1109 1296; x_wconf 86' lang='lat' dir='ltr'>comparuerunt,</span> <span class='ocrx_word' id='word_1_100' title='bbox 1150 1252 1242 1281; x_wconf 84' lang='lat' dir='ltr'>non</span> <span class='ocrx_word' id='word_1_101' title='bbox 1292 1238 1456 1282; x_wconf 83' lang='lat' dir='ltr'>debere</span> <span class='ocrx_word' id='word_1_102' title='bbox 1508 1239 1704 1290; x_wconf 79' lang='lat' dir='ltr'>admitti</span> 
     </span>
    </p>

    <p class='ocr_par' dir='ltr' id='par_1_10' title="bbox 145 1309 1462 1371">
     <span class='ocr_line' id='line_1_14' title="bbox 145 1309 1462 1371; baseline -0.001 -18"><span class='ocrx_word' id='word_1_103' title='bbox 145 1321 252 1371; x_wconf 85' lang='lat' dir='ltr'>cum</span> <span class='ocrx_word' id='word_1_104' title='bbox 278 1309 547 1364; x_wconf 85' lang='lat' dir='ltr'>mandatum</span> <span class='ocrx_word' id='word_1_105' title='bbox 574 1323 665 1354; x_wconf 91' lang='lat' dir='ltr'>non</span> <span class='ocrx_word' id='word_1_106' title='bbox 691 1310 966 1354; x_wconf 83' lang='lat' dir='ltr'>hosteudaut</span> <span class='ocrx_word' id='word_1_107' title='bbox 991 1323 1019 1353; x_wconf 91' lang='lat' dir='ltr'>a</span> <span class='ocrx_word' id='word_1_108' title='bbox 1038 1310 1135 1354; x_wconf 82' lang='lat' dir='ltr'>suis</span> <span class='ocrx_word' id='word_1_109' title='bbox 1160 1309 1462 1353; x_wconf 83' lang='lat' dir='ltr'>consortibus.</span> 
     </span>
    </p>

    <p class='ocr_par' dir='ltr' id='par_1_11' title="bbox 74 1378 1711 1496">
     <span class='ocr_line' id='line_1_15' title="bbox 74 1378 1711 1439; baseline 0.001 -16"><span class='ocrx_word' id='word_1_110' title='bbox 74 1435 78 1438; x_wconf 23' lang='grc' dir='ltr'>ι</span> <span class='ocrx_word' id='word_1_111' title='bbox 205 1378 351 1431; x_wconf 80' lang='lat' dir='ltr'>Quare</span> <span class='ocrx_word' id='word_1_112' title='bbox 378 1383 473 1424; x_wconf 85' lang='lat' dir='ltr'>tam</span> <span class='ocrx_word' id='word_1_113' title='bbox 499 1394 581 1437; x_wconf 90' lang='lat' dir='ltr'>pcr</span> <span class='ocrx_word' id='word_1_114' title='bbox 606 1394 655 1424; x_wconf 90' lang='lat' dir='ltr'>se</span> <span class='ocrx_word' id='word_1_115' title='bbox 681 1394 821 1438; x_wconf 89' lang='lat' dir='ltr'>quam</span> <span class='ocrx_word' id='word_1_116' title='bbox 836 1394 918 1437; x_wconf 89' lang='lat' dir='ltr'>per</span> <span class='ocrx_word' id='word_1_117' title='bbox 942 1381 1137 1425; x_wconf 87' lang='lat' dir='ltr'>aliorum</span> <span class='ocrx_word' id='word_1_118' title='bbox 1162 1382 1241 1439; x_wconf 88' lang='lat'>(=</span> <span class='ocrx_word' id='word_1_119' title='bbox 1258 1380 1409 1436; x_wconf 86' lang='lat' dir='ltr'>alios),</span> <span class='ocrx_word' id='word_1_120' title='bbox 1429 1393 1533 1425; x_wconf 88' lang='lat' dir='ltr'>cum</span> <span class='ocrx_word' id='word_1_121' title='bbox 1554 1394 1636 1437; x_wconf 85' lang='lat' dir='ltr'>per</span> <span class='ocrx_word' id='word_1_122' title='bbox 1662 1395 1711 1425; x_wconf 92' lang='lat' dir='ltr'>se</span> 
     </span>
     <span class='ocr_line' id='line_1_16' title="bbox 83 1450 1050 1500; baseline 0.001 -7"><span class='ocrx_word' id='word_1_123' title='bbox 83 1480 86 1486; x_wconf 82' lang='lat'><em>-</em></span> <span class='ocrx_word' id='word_1_124' title='bbox 145 1463 238 1494; x_wconf 89' lang='lat' dir='ltr'>non</span> <span class='ocrx_word' id='word_1_125' title='bbox 264 1450 511 1500; x_wconf 78' lang='lat' dir='ltr'>sufficiant,</span> <span class='ocrx_word' id='word_1_126' title='bbox 541 1451 722 1495; x_wconf 87' lang='lat' dir='ltr'>admitti</span> <span class='ocrx_word' id='word_1_127' title='bbox 750 1465 842 1496; x_wconf 90' lang='lat' dir='ltr'>non</span> <span class='ocrx_word' id='word_1_128' title='bbox 869 1452 1050 1496; x_wconf 85' lang='lat' dir='ltr'>debent.</span> 
     </span>
    </p>
   </div>
   <div class='ocr_carea' id='block_1_8' title="bbox 48 1593 1712 2217">
    <p class='ocr_par' dir='ltr' id='par_1_12' title="bbox 48 1593 1712 2217">
     <span class='ocr_line' id='line_1_17' title="bbox 74 1593 1711 1651; baseline 0.001 -16"><span class='ocrx_word' id='word_1_129' title='bbox 74 1648 78 1651; x_wconf 22' lang='grc' dir='ltr'>ι</span> <span class='ocrx_word' id='word_1_130' title='bbox 204 1593 320 1636; x_wconf 88' lang='lat' dir='ltr'>Dicti</span> <span class='ocrx_word' id='word_1_131' title='bbox 347 1606 456 1637; x_wconf 90' lang='lat' dir='ltr'>vero</span> <span class='ocrx_word' id='word_1_132' title='bbox 475 1593 685 1637; x_wconf 86' lang='lat' dir='ltr'>consules</span> <span class='ocrx_word' id='word_1_133' title='bbox 706 1594 922 1636; x_wconf 86' lang='lat' dir='ltr'>dixerunt</span> <span class='ocrx_word' id='word_1_134' title='bbox 947 1593 1072 1651; x_wconf 89' lang='lat' dir='ltr'>quod</span> <span class='ocrx_word' id='word_1_135' title='bbox 1099 1593 1247 1635; x_wconf 77' lang='lat' dir='ltr'>clerici</span> <span class='ocrx_word' id='word_1_136' title='bbox 1275 1607 1364 1636; x_wconf 88' lang='lat' dir='ltr'>non</span> <span class='ocrx_word' id='word_1_137' title='bbox 1391 1594 1560 1637; x_wconf 84' lang='lat' dir='ltr'>debent</span> <span class='ocrx_word' id='word_1_138' title='bbox 1580 1608 1711 1638; x_wconf 83' lang='lat' dir='ltr'>voca-</span> 
     </span>
     <span class='ocr_line' id='line_1_18' title="bbox 75 1662 1711 1722; baseline 0.001 -16"><span class='ocrx_word' id='word_1_139' title='bbox 75 1679 78 1681; x_wconf 49' lang='lat'><em>*</em></span> <span class='ocrx_word' id='word_1_140' title='bbox 145 1662 199 1713; x_wconf 90' lang='lat' dir='ltr'>ri,</span> <span class='ocrx_word' id='word_1_141' title='bbox 228 1664 338 1721; x_wconf 89' lang='lat' dir='ltr'>quia</span> <span class='ocrx_word' id='word_1_142' title='bbox 362 1666 483 1708; x_wconf 86' lang='lat' dir='ltr'>esset</span> <span class='ocrx_word' id='word_1_143' title='bbox 507 1663 694 1708; x_wconf 81' lang='lat' dir='ltr'>difficile</span> <span class='ocrx_word' id='word_1_144' title='bbox 721 1678 803 1708; x_wconf 89' lang='lat' dir='ltr'>seu</span> <span class='ocrx_word' id='word_1_145' title='bbox 837 1665 969 1721; x_wconf 82' lang='lat' dir='ltr'>quasi</span> <span class='ocrx_word' id='word_1_146' title='bbox 995 1663 1292 1720; x_wconf 72' lang='lat' dir='ltr'>impossibile,</span> <span class='ocrx_word' id='word_1_147' title='bbox 1324 1664 1561 1720; x_wconf 88' lang='lat' dir='ltr'>potissime</span> <span class='ocrx_word' id='word_1_148' title='bbox 1605 1667 1711 1722; x_wconf 85' lang='lat' dir='ltr'>quia</span> 
     </span>
     <span class='ocr_line' id='line_1_19' title="bbox 74 1734 1712 1792; baseline 0.001 -14"><span class='ocrx_word' id='word_1_149' title='bbox 74 1739 82 1761; x_wconf 88' lang='grc'>-“</span> <span class='ocrx_word' id='word_1_150' title='bbox 132 1734 205 1789; x_wconf 46' lang='lat' dir='ltr'>‚ad</span> <span class='ocrx_word' id='word_1_151' title='bbox 231 1747 286 1778; x_wconf 89' lang='lat' dir='ltr'>ea</span> <span class='ocrx_word' id='word_1_152' title='bbox 310 1748 399 1792; x_wconf 89' lang='lat' dir='ltr'>que</span> <span class='ocrx_word' id='word_1_153' title='bbox 426 1738 533 1778; x_wconf 91' lang='lat' dir='ltr'>sunt</span> <span class='ocrx_word' id='word_1_154' title='bbox 570 1735 817 1778; x_wconf 87' lang='lat' dir='ltr'>commissa</span> <span class='ocrx_word' id='word_1_155' title='bbox 843 1735 1044 1792; x_wconf 75' lang='lat' dir='ltr'>predicto</span> <span class='ocrx_word' id='word_1_156' title='bbox 1084 1734 1269 1778; x_wconf 79' lang='lat' dir='ltr'>dominc</span> <span class='ocrx_word' id='word_1_157' title='bbox 1296 1735 1586 1790; x_wconf 87' lang='lat' dir='ltr'>Berengario,</span> <span class='ocrx_word' id='word_1_158' title='bbox 1618 1750 1712 1780; x_wconf 89' lang='lat' dir='ltr'>non</span> 
     </span>
     <span class='ocr_line' id='line_1_20' title="bbox 67 1804 1710 1863; baseline 0.002 -16"><span class='ocrx_word' id='word_1_159' title='bbox 67 1815 71 1821; x_wconf 93' lang='lat'>·</span> <span class='ocrx_word' id='word_1_160' title='bbox 144 1804 316 1848; x_wconf 87' lang='lat' dir='ltr'>habent</span> <span class='ocrx_word' id='word_1_161' title='bbox 339 1808 537 1861; x_wconf 90' lang='lat' dir='ltr'>tempus,</span> <span class='ocrx_word' id='word_1_162' title='bbox 567 1805 655 1849; x_wconf 89' lang='lat' dir='ltr'>nisi</span> <span class='ocrx_word' id='word_1_163' title='bbox 699 1805 805 1848; x_wconf 92' lang='lat' dir='ltr'>hinc</span> <span class='ocrx_word' id='word_1_164' title='bbox 830 1805 889 1849; x_wconf 87' lang='lat' dir='ltr'>ad</span> <span class='ocrx_word' id='word_1_165' title='bbox 915 1805 1084 1848; x_wconf 75' lang='lat' dir='ltr'>festum</span> <span class='ocrx_word' id='word_1_166' title='bbox 1136 1805 1271 1849; x_wconf 86' lang='lat' dir='ltr'>Beate</span> <span class='ocrx_word' id='word_1_167' title='bbox 1311 1806 1452 1849; x_wconf 85' lang='lat' dir='ltr'>Marie</span> <span class='ocrx_word' id='word_1_168' title='bbox 1502 1806 1710 1863; x_wconf 85' lang='lat' dir='ltr'>proxime</span> 
     </span>
     <span class='ocr_line' id='line_1_21' title="bbox 143 1878 404 1919; baseline 0.004 -2"><span class='ocrx_word' id='word_1_169' title='bbox 143 1878 404 1919; x_wconf 88' lang='lat' dir='ltr'>venturum.</span> 
     </span>
     <span class='ocr_line' id='line_1_22' title="bbox 48 1946 1712 2004; baseline 0.001 -15"><span class='ocrx_word' id='word_1_170' title='bbox 48 1989 53 1994; x_wconf 86' lang='grc'><em>,</em></span> <span class='ocrx_word' id='word_1_171' title='bbox 74 1992 77 2001; x_wconf 38' lang='lat'><strong>⁴</strong></span> <span class='ocrx_word' id='word_1_172' title='bbox 205 1946 318 1989; x_wconf 89' lang='lat' dir='ltr'>Item</span> <span class='ocrx_word' id='word_1_173' title='bbox 344 1947 469 2004; x_wconf 90' lang='lat' dir='ltr'>quod</span> <span class='ocrx_word' id='word_1_174' title='bbox 495 1947 615 1990; x_wconf 81' lang='lat' dir='ltr'>dicia</span> <span class='ocrx_word' id='word_1_175' title='bbox 640 1947 899 1990; x_wconf 81' lang='lat' dir='ltr'>commissio</span> <span class='ocrx_word' id='word_1_176' title='bbox 926 1946 1013 1989; x_wconf 78' lang='lat' dir='ltr'>fuit</span> <span class='ocrx_word' id='word_1_177' title='bbox 1031 1946 1150 1989; x_wconf 78' lang='lat' dir='ltr'>facia</span> <span class='ocrx_word' id='word_1_178' title='bbox 1175 1959 1228 1989; x_wconf 89' lang='lat' dir='ltr'>eo</span> <span class='ocrx_word' id='word_1_179' title='bbox 1249 1946 1493 1996; x_wconf 81' lang='lat' dir='ltr'>intellectu,</span> <span class='ocrx_word' id='word_1_180' title='bbox 1537 1951 1585 1990; x_wconf 86' lang='lat' dir='ltr'>ut</span> <span class='ocrx_word' id='word_1_181' title='bbox 1613 1962 1712 2004; x_wconf 82' lang='lat' dir='ltr'>pre-</span> 
     </span>
     <span class='ocr_line' id='line_1_23' title="bbox 142 2017 1711 2074; baseline 0.001 -13.908"><span class='ocrx_word' id='word_1_182' title='bbox 142 2017 291 2060; x_wconf 86' lang='lat' dir='ltr'>dictus</span> <span class='ocrx_word' id='word_1_183' title='bbox 317 2017 530 2061; x_wconf 91' lang='lat' dir='ltr'>dominus</span> <span class='ocrx_word' id='word_1_184' title='bbox 557 2018 736 2061; x_wconf 83' lang='lat' dir='ltr'>auditor</span> <span class='ocrx_word' id='word_1_185' title='bbox 755 2021 1044 2074; x_wconf 85' lang='lat' dir='ltr'>cognosceret</span> <span class='ocrx_word' id='word_1_186' title='bbox 1069 2018 1126 2059; x_wconf 90' lang='lat' dir='ltr'>de</span> <span class='ocrx_word' id='word_1_187' title='bbox 1154 2018 1367 2073; x_wconf 84' lang='lat' dir='ltr'>predictis</span> <span class='ocrx_word' id='word_1_188' title='bbox 1389 2018 1475 2060; x_wconf 90' lang='lat' dir='ltr'>sibi</span> <span class='ocrx_word' id='word_1_189' title='bbox 1497 2020 1711 2062; x_wconf 88' lang='lat' dir='ltr'>commis-</span> 
     </span>
     <span class='ocr_line' id='line_1_24' title="bbox 82 2083 1709 2145; baseline 0.001 -14"><span class='ocrx_word' id='word_1_190' title='bbox 82 2083 90 2133; x_wconf 67' lang='lat'><em>]</em></span> <span class='ocrx_word' id='word_1_191' title='bbox 142 2088 208 2131; x_wconf 87' lang='lat' dir='ltr'>sis</span> <span class='ocrx_word' id='word_1_192' title='bbox 234 2087 500 2144; x_wconf 86' lang='lat' dir='ltr'>simpliciter</span> <span class='ocrx_word' id='word_1_193' title='bbox 525 2091 570 2131; x_wconf 85' lang='lat' dir='ltr'>et</span> <span class='ocrx_word' id='word_1_194' title='bbox 595 2088 651 2131; x_wconf 93' lang='lat' dir='ltr'>de</span> <span class='ocrx_word' id='word_1_195' title='bbox 679 2089 815 2144; x_wconf 87' lang='lat' dir='ltr'>plano</span> <span class='ocrx_word' id='word_1_196' title='bbox 841 2092 886 2130; x_wconf 87' lang='lat' dir='ltr'>ct</span> <span class='ocrx_word' id='word_1_197' title='bbox 912 2088 1009 2131; x_wconf 86' lang='lat' dir='ltr'>sine</span> <span class='ocrx_word' id='word_1_198' title='bbox 1037 2089 1229 2144; x_wconf 89' lang='lat' dir='ltr'>strepitu</span> <span class='ocrx_word' id='word_1_199' title='bbox 1254 2087 1427 2143; x_wconf 84' lang='lat' dir='ltr'>judicii;</span> <span class='ocrx_word' id='word_1_200' title='bbox 1462 2090 1709 2145; x_wconf 81' lang='lat' dir='ltr'>potissime</span> 
     </span>
     <span class='ocr_line' id='line_1_25' title="bbox 88 2159 1710 2217; baseline 0 -15"><span class='ocrx_word' id='word_1_201' title='bbox 88 2175 90 2177; x_wconf 93' lang='lat'>·</span> <span class='ocrx_word' id='word_1_202' title='bbox 142 2159 290 2202; x_wconf 81' lang='lat' dir='ltr'>eciam</span> <span class='ocrx_word' id='word_1_203' title='bbox 317 2159 428 2215; x_wconf 90' lang='lat' dir='ltr'>quia</span> <span class='ocrx_word' id='word_1_204' title='bbox 447 2159 504 2201; x_wconf 92' lang='lat' dir='ltr'>de</span> <span class='ocrx_word' id='word_1_205' title='bbox 524 2159 740 2214; x_wconf 89' lang='lat' dir='ltr'>predictis</span> <span class='ocrx_word' id='word_1_206' title='bbox 762 2159 871 2202; x_wconf 82' lang='lat' dir='ltr'>dicti</span> <span class='ocrx_word' id='word_1_207' title='bbox 891 2159 1100 2202; x_wconf 87' lang='lat' dir='ltr'>consules</span> <span class='ocrx_word' id='word_1_208' title='bbox 1120 2171 1212 2201; x_wconf 90' lang='lat' dir='ltr'>non</span> <span class='ocrx_word' id='word_1_209' title='bbox 1232 2159 1478 2202; x_wconf 86' lang='lat' dir='ltr'>intendunt</span> <span class='ocrx_word' id='word_1_210' title='bbox 1498 2161 1710 2217; x_wconf 86' lang='lat' dir='ltr'>sollemp-</span> 
     </span>
    </p>
   </div>
   <div class='ocr_carea' id='block_1_9' title="bbox 43 2218 480 2283">
    <p class='ocr_par' dir='ltr' id='par_1_13' title="bbox 43 2218 480 2283">
     <span class='ocr_line' id='line_1_26' title="bbox 43 2218 480 2283; baseline 0.005 -13"><span class='ocrx_word' id='word_1_211' title='bbox 43 2218 50 2225; x_wconf 67' lang='grc'><strong>”</strong></span> <span class='ocrx_word' id='word_1_212' title='bbox 71 2220 79 2262; x_wconf 72' lang='grc' dir='ltr'><strong><em>ῗ</em></strong></span> <span class='ocrx_word' id='word_1_213' title='bbox 143 2228 263 2271; x_wconf 87' lang='lat' dir='ltr'>niter</span> <span class='ocrx_word' id='word_1_214' title='bbox 287 2229 480 2283; x_wconf 87' lang='lat' dir='ltr'>litigare.</span> 
     </span>
    </p>
   </div>
   <div class='ocr_carea' id='block_1_10' title="bbox 84 2299 1700 2428">
    <p class='ocr_par' dir='ltr' id='par_1_14' title="bbox 84 2299 1700 2428">
     <span class='ocr_line' id='line_1_27' title="bbox 84 2299 1700 2357; baseline 0.002 -16"><span class='ocrx_word' id='word_1_215' title='bbox 84 2349 90 2354; x_wconf 31' lang='lat'><strong><em>⁴</em></strong></span> <span class='ocrx_word' id='word_1_216' title='bbox 202 2299 424 2342; x_wconf 86' lang='lat' dir='ltr'>Dixerunt</span> <span class='ocrx_word' id='word_1_217' title='bbox 449 2299 587 2343; x_wconf 83' lang='lat' dir='ltr'>etiam</span> <span class='ocrx_word' id='word_1_218' title='bbox 613 2301 736 2356; x_wconf 89' lang='lat' dir='ltr'>quod</span> <span class='ocrx_word' id='word_1_219' title='bbox 762 2300 953 2356; x_wconf 86' lang='lat' dir='ltr'>quilibet</span> <span class='ocrx_word' id='word_1_220' title='bbox 977 2313 1136 2343; x_wconf 87' lang='lat' dir='ltr'>eorum</span> <span class='ocrx_word' id='word_1_221' title='bbox 1179 2300 1350 2343; x_wconf 79' lang='lat' dir='ltr'>sufficit</span> <span class='ocrx_word' id='word_1_222' title='bbox 1375 2302 1433 2343; x_wconf 85' lang='lat' dir='ltr'>ad</span> <span class='ocrx_word' id='word_1_223' title='bbox 1484 2302 1700 2357; x_wconf 78' lang='lat' dir='ltr'>piedicta;</span> 
     </span>
     <span class='ocr_line' id='line_1_28' title="bbox 100 2366 1699 2428; baseline 0.002 -17"><span class='ocrx_word' id='word_1_224' title='bbox 100 2401 101 2404; x_wconf 17' lang='grc' dir='ltr'>η</span> <span class='ocrx_word' id='word_1_225' title='bbox 142 2372 189 2412; x_wconf 84' lang='lat' dir='ltr'>et</span> <span class='ocrx_word' id='word_1_226' title='bbox 213 2370 272 2412; x_wconf 88' lang='lat' dir='ltr'>ad</span> <span class='ocrx_word' id='word_1_227' title='bbox 297 2366 539 2420; x_wconf 85' lang='lat' dir='ltr'>cautelam,</span> <span class='ocrx_word' id='word_1_228' title='bbox 569 2371 951 2428; x_wconf 86' lang='lat' dir='ltr'>quandocumque</span> <span class='ocrx_word' id='word_1_229' title='bbox 991 2371 1188 2427; x_wconf 84' lang='lat' dir='ltr'>placebit</span> <span class='ocrx_word' id='word_1_230' title='bbox 1213 2371 1332 2414; x_wconf 87' lang='lat' dir='ltr'>dicto</span> <span class='ocrx_word' id='word_1_231' title='bbox 1359 2372 1545 2414; x_wconf 89' lang='lat' dir='ltr'>domino</span> <span class='ocrx_word' id='word_1_232' title='bbox 1575 2373 1699 2414; x_wconf 89' lang='lat' dir='ltr'>audi—</span> 
     </span>
    </p>
   </div>
   <div class='ocr_carea' id='block_1_11' title="bbox 0 2440 1708 2497">
    <p class='ocr_par' dir='ltr' id='par_1_15' title="bbox 0 2440 1708 2497">
     <span class='ocr_line' id='line_1_29' title="bbox 0 2440 1708 2497; baseline 0.001 -13"><span class='ocrx_word' id='word_1_233' title='bbox 0 2482 1 2487; x_wconf 66' lang='lat'>,</span> <span class='ocrx_word' id='word_1_234' title='bbox 56 2447 100 2495; x_wconf 58' lang='lat' dir='ltr'><em>s</em></span> <span class='ocrx_word' id='word_1_235' title='bbox 143 2441 244 2489; x_wconf 78' lang='lat' dir='ltr'>tori,</span> <span class='ocrx_word' id='word_1_236' title='bbox 287 2441 376 2496; x_wconf 93' lang='lat' dir='ltr'>ipsi</span> <span class='ocrx_word' id='word_1_237' title='bbox 401 2440 572 2484; x_wconf 79' lang='lat' dir='ltr'>sacient</span> <span class='ocrx_word' id='word_1_238' title='bbox 597 2446 642 2484; x_wconf 91' lang='lat' dir='ltr'>et</span> <span class='ocrx_word' id='word_1_239' title='bbox 667 2443 891 2484; x_wconf 84' lang='lat' dir='ltr'>curabunt</span> <span class='ocrx_word' id='word_1_240' title='bbox 935 2442 1056 2497; x_wconf 81' lang='lat' dir='ltr'>qued</span> <span class='ocrx_word' id='word_1_241' title='bbox 1084 2442 1162 2485; x_wconf 89' lang='lat' dir='ltr'>alii</span> <span class='ocrx_word' id='word_1_242' title='bbox 1187 2443 1480 2485; x_wconf 88' lang='lat' dir='ltr'>conconsules</span> <span class='ocrx_word' id='word_1_243' title='bbox 1509 2443 1624 2485; x_wconf 79' lang='lat' dir='ltr'>tacta</span> <span class='ocrx_word' id='word_1_244' title='bbox 1664 2447 1708 2486; x_wconf 89' lang='lat' dir='ltr'>et</span> 
     </span>
    </p>
   </div>
   <div class='ocr_carea' id='block_1_12' title="bbox 0 0 122 3404">
    <p class='ocr_par' dir='ltr' id='par_1_16' title="bbox 0 0 122 3404">
     <span class='ocr_line' id='line_1_30' title="bbox 0 0 122 3404; baseline 0 0"><span class='ocrx_word' id='word_1_245' title='bbox 0 0 122 3404; x_wconf 95' lang='lat' dir='ltr'> </span> 
     </span>
    </p>
   </div>
   <div class='ocr_carea' id='block_1_13' title="bbox 81 2507 1706 2995">
    <p class='ocr_par' dir='ltr' id='par_1_17' title="bbox 81 2507 1232 2568">
     <span class='ocr_line' id='line_1_31' title="bbox 81 2507 1232 2568; baseline 0.002 -15"><span class='ocrx_word' id='word_1_246' title='bbox 81 2507 90 2549; x_wconf 69' lang='grc' dir='ltr'>ζ</span> <span class='ocrx_word' id='word_1_247' title='bbox 143 2510 351 2555; x_wconf 76' lang='lat' dir='ltr'>facienda</span> <span class='ocrx_word' id='word_1_248' title='bbox 375 2525 456 2567; x_wconf 92' lang='lat' dir='ltr'>per</span> <span class='ocrx_word' id='word_1_249' title='bbox 482 2525 558 2555; x_wconf 91' lang='lat' dir='ltr'>eos</span> <span class='ocrx_word' id='word_1_250' title='bbox 584 2513 631 2554; x_wconf 90' lang='lat' dir='ltr'>in</span> <span class='ocrx_word' id='word_1_251' title='bbox 656 2512 870 2568; x_wconf 87' lang='lat' dir='ltr'>predictis</span> <span class='ocrx_word' id='word_1_252' title='bbox 907 2512 1232 2555; x_wconf 79' lang='lat' dir='ltr'>ratifficabunt.</span> 
     </span>
    </p>

    <p class='ocr_par' dir='ltr' id='par_1_18' title="bbox 83 2580 1706 2995">
     <span class='ocr_line' id='line_1_32' title="bbox 202 2580 1706 2640; baseline 0.003 -17"><span class='ocrx_word' id='word_1_253' title='bbox 202 2580 348 2633; x_wconf 89' lang='lat' dir='ltr'>Quare</span> <span class='ocrx_word' id='word_1_254' title='bbox 398 2583 713 2639; x_wconf 88' lang='lat' dir='ltr'>supplicarunt</span> <span class='ocrx_word' id='word_1_255' title='bbox 756 2595 861 2625; x_wconf 92' lang='lat' dir='ltr'>cum</span> <span class='ocrx_word' id='word_1_256' title='bbox 910 2583 1136 2626; x_wconf 85' lang='lat' dir='ltr'>instancia</span> <span class='ocrx_word' id='word_1_257' title='bbox 1175 2583 1314 2640; x_wconf 87' lang='lat' dir='ltr'>quod,</span> <span class='ocrx_word' id='word_1_258' title='bbox 1346 2597 1438 2625; x_wconf 88' lang='lat' dir='ltr'>non</span> <span class='ocrx_word' id='word_1_259' title='bbox 1487 2584 1706 2632; x_wconf 80' lang='lat' dir='ltr'>obstanti-</span> 
     </span>
     <span class='ocr_line' id='line_1_33' title="bbox 84 2650 1702 2717; baseline 0.002 -23"><span class='ocrx_word' id='word_1_260' title='bbox 84 2709 90 2717; x_wconf 26' lang='grc' dir='ltr'><strong>Ἰ</strong></span> <span class='ocrx_word' id='word_1_261' title='bbox 124 2650 229 2695; x_wconf 52' lang='lat' dir='ltr'>‘bus</span> <span class='ocrx_word' id='word_1_262' title='bbox 255 2653 498 2709; x_wconf 88' lang='lat' dir='ltr'>propositis</span> <span class='ocrx_word' id='word_1_263' title='bbox 547 2667 630 2709; x_wconf 84' lang='lat' dir='ltr'>per</span> <span class='ocrx_word' id='word_1_264' title='bbox 653 2653 825 2696; x_wconf 88' lang='lat' dir='ltr'>dictum</span> <span class='ocrx_word' id='word_1_265' title='bbox 870 2653 1109 2696; x_wconf 89' lang='lat' dir='ltr'>dominum</span> <span class='ocrx_word' id='word_1_266' title='bbox 1159 2653 1420 2703; x_wconf 79' lang='lat' dir='ltr'>officialem,</span> <span class='ocrx_word' id='word_1_267' title='bbox 1474 2655 1702 2711; x_wconf 82' lang='lat' dir='ltr'>predictus</span> 
     </span>
     <span class='ocr_line' id='line_1_34' title="bbox 141 2723 1706 2782; baseline 0.002 -15.892"><span class='ocrx_word' id='word_1_268' title='bbox 141 2723 358 2766; x_wconf 85' lang='lat' dir='ltr'>dominus</span> <span class='ocrx_word' id='word_1_269' title='bbox 384 2725 564 2767; x_wconf 86' lang='lat' dir='ltr'>auditor</span> <span class='ocrx_word' id='word_1_270' title='bbox 589 2725 804 2781; x_wconf 89' lang='lat' dir='ltr'>procedat</span> <span class='ocrx_word' id='word_1_271' title='bbox 840 2725 886 2766; x_wconf 89' lang='lat' dir='ltr'>in</span> <span class='ocrx_word' id='word_1_272' title='bbox 927 2724 1157 2781; x_wconf 88' lang='lat' dir='ltr'>predictis,</span> <span class='ocrx_word' id='word_1_273' title='bbox 1186 2724 1315 2781; x_wconf 72' lang='lat' dir='ltr'>juxta</span> <span class='ocrx_word' id='word_1_274' title='bbox 1355 2727 1587 2781; x_wconf 86' lang='lat' dir='ltr'>proposita</span> <span class='ocrx_word' id='word_1_275' title='bbox 1625 2741 1706 2782; x_wconf 75' lang='lat' dir='ltr'>pei·</span> 
     </span>
     <span class='ocr_line' id='line_1_35' title="bbox 84 2793 345 2842; baseline 0.008 -8"><span class='ocrx_word' id='word_1_276' title='bbox 84 2829 95 2842; x_wconf 67' lang='lat'>-‚</span> <span class='ocrx_word' id='word_1_277' title='bbox 143 2793 345 2838; x_wconf 87' lang='lat' dir='ltr'>eosdem.</span> 
     </span>
     <span class='ocr_line' id='line_1_36' title="bbox 108 2865 1699 2926; baseline -0.001 -18"><span class='ocrx_word' id='word_1_278' title='bbox 108 2923 110 2926; x_wconf 11' lang='grc' dir='ltr'>ἡ</span> <span class='ocrx_word' id='word_1_279' title='bbox 202 2865 270 2914; x_wconf 90' lang='lat' dir='ltr'>Et,</span> <span class='ocrx_word' id='word_1_280' title='bbox 299 2865 359 2908; x_wconf 86' lang='lat' dir='ltr'>ad</span> <span class='ocrx_word' id='word_1_281' title='bbox 385 2865 671 2921; x_wconf 86' lang='lat' dir='ltr'>probandum</span> <span class='ocrx_word' id='word_1_282' title='bbox 691 2879 774 2922; x_wconf 90' lang='lat' dir='ltr'>per</span> <span class='ocrx_word' id='word_1_283' title='bbox 793 2866 917 2922; x_wconf 79' lang='lat' dir='ltr'>ipsos</span> <span class='ocrx_word' id='word_1_284' title='bbox 943 2867 1189 2922; x_wconf 71' lang='lat' dir='ltr'>proposita,</span> <span class='ocrx_word' id='word_1_285' title='bbox 1223 2866 1460 2909; x_wconf 84' lang='lat' dir='ltr'>nominant</span> <span class='ocrx_word' id='word_1_286' title='bbox 1482 2867 1526 2908; x_wconf 86' lang='lat' dir='ltr'>in</span> <span class='ocrx_word' id='word_1_287' title='bbox 1561 2870 1599 2909; x_wconf 87' lang='lat' dir='ltr'>t</span> <span class='ocrx_word' id='word_1_288' title='bbox 1593 2870 1699 2910; x_wconf 70' lang='lat' dir='ltr'>stes</span> 
     </span>
     <span class='ocr_line' id='line_1_37' title="bbox 103 2929 1703 2995; baseline 0.001 -16.992"><span class='ocrx_word' id='word_1_289' title='bbox 103 2929 105 2935; x_wconf 56' lang='lat'><strong>⁴</strong></span> <span class='ocrx_word' id='word_1_290' title='bbox 143 2934 470 2991; x_wconf 55' lang='lat' dir='ltr'>infrascripto&amp;</span> <span class='ocrx_word' id='word_1_291' title='bbox 500 2936 710 2980; x_wconf 86' lang='lat' dir='ltr'>videlicet</span> <span class='ocrx_word' id='word_1_292' title='bbox 758 2937 968 2979; x_wconf 90' lang='lat' dir='ltr'>dominos</span> <span class='ocrx_word' id='word_1_293' title='bbox 987 2936 1260 2992; x_wconf 86' lang='lat' dir='ltr'>Folquetum</span> <span class='ocrx_word' id='word_1_294' title='bbox 1285 2935 1499 2995; x_wconf 73' lang='lat' dir='ltr'>Sart[re]‚</span> <span class='ocrx_word' id='word_1_295' title='bbox 1527 2938 1703 2979; x_wconf 77' lang='lat' dir='ltr'>Budum</span> 
     </span>
    </p>
   </div>
  </div>
 </body>
</html>
