2112 3555
736 407 950 451 ‚79-

64 515 121 558 de
151 513 424 563 Truolverie,
472 516 517 556 et
550 513 896 557 confrontantur
932 527 991 557 ex
1033 526 1128 557 una
1152 518 1280 570 parte
1307 528 1411 558 cum
1456 517 1621 572 palude

67 572 407 628 communitatis
434 584 687 633 vineaeve,
718 587 762 627 et
794 598 854 627 ex
880 585 1059 628 duabus
1085 585 1291 641 partibus
1317 599 1422 629 cum
1453 587 1624 631 honore

65 655 310 715 Raimundi
336 655 392 698 de
419 655 614 703 Podolis.
636 654 688 697 ¹'et
714 669 773 698 ex
797 655 939 698 altera
963 668 1066 698 eum
1092 656 1261 699 honore
1287 656 1504 700 Johannis
1548 657 1620 701 Or·

67 726 225 774 tolani,
250 729 295 769 et
331 740 391 768 ex
415 726 560 769 altera
585 739 690 768 eum
742 726 911 768 honore
963 726 1108 782 ipsius
1159 728 1458 782 prepositure,
1502 729 1630 772 salvo

66 796 200 839 nobis
250 798 296 839 et
320 796 657 839 successoribus
707 797 889 843 nostris,
928 799 972 839 et
1022 800 1197 840 retento
1224 798 1271 840 in
1312 798 1447 841 dictis
1484 799 1628 842 tribus

68 867 211 922 peciis
239 870 372 915 terre,
403 870 447 908 et
473 867 520 908 in
545 867 647 910 aliis
699 867 950 909 honoribus
977 881 1091 923 quos
1118 881 1145 910 a
1193 869 1325 912 nobis
1352 872 1475 912 tenet
1529 871 1628 926 ipse

68 937 231 981 Petrus
256 936 475 986 Ortolani‚
512 937 780 993 homagium
809 937 931 993 quod
958 937 1056 993 ipse
1097 939 1258 981 Penus
1284 939 1392 982 tacit
1417 943 1460 982 et
1489 941 1632 1023 tacere

65 1009 258 1051 tenetur.

129 1079 242 1121 Item
269 1078 432 1122 damus
459 1078 605 1125 vobis,
630 1092 711 1134 pro
741 1077 902 1134 majori
946 1078 1153 1122 valencia
1177 1093 1330 1123 rerum
1350 1084 1629 1137 permutata-

69 1161 192 1197 rum,
221 1152 406 1192 centum
432 1149 570 1192 libras
599 1149 941 1204 melgorienses.

128 1219 221 1270 Que
248 1220 404 1263 omnia
453 1220 631 1275 singula
652 1223 696 1262 et
745 1220 961 1263 universa
986 1220 1206 1264 faciemus
1256 1236 1339 1266 vos
1360 1226 1405 1266 et
1453 1228 1630 1269 vestros

66 1302 351 1333 successores
379 1303 561 1346 semper
586 1290 771 1337 habere,
805 1294 958 1333 tenere
987 1292 1154 1347 quiete,
1185 1294 1369 1336 nomine
1396 1299 1626 1350 permuta-

66 1360 226 1408 cionis,
275 1364 320 1403 et
344 1361 391 1402 in
417 1374 526 1417 pace
572 1361 865 1416 possidere...
892 1361 943 1404 Et
970 1375 1050 1417 pro
1097 1363 1317 1407 evictione
1368 1366 1623 1422 obligamus

67 1431 198 1474 vobis
243 1435 288 1474 et
314 1432 650 1486 successoribus
676 1432 841 1474 vestris
868 1432 988 1474 bona
1040 1433 1328 1488 episcopatus
1354 1438 1510 1486 nostri;
1540 1441 1628 1482 tra-

71 1502 231 1545 dentes
258 1502 362 1544 inde
389 1501 518 1545 vobis
568 1515 762 1545 vacuam
789 1503 1184 1558 possessionem...
1207 1520 1214 1553 ;
1258 1507 1629 1551 mnunciantes...

74 1573 199 1616 omni
217 1572 307 1629 juri
333 1572 500 1628 quibus
527 1575 682 1615 contra
709 1572 864 1615 venire
891 1586 1145 1628 possemus.

137 1715 191 1759 Et
217 1715 318 1758 ideo
345 1728 428 1758 nos
453 1714 740 1759 Raimundus
767 1715 822 1759 de
849 1715 1075 1761 Bociacis,-
1109 1718 1449 1773 Magalonensis
1473 1735 1635 1778 prepo-

76 1787 191 1830 situs
222 1820 268 1842 ·.··
325 1786 552 1830 donamus
580 1787 626 1828 in
673 1787 1057 1842 permutationem
1085 1789 1216 1831 vobis
1250 1791 1436 1834 domino
1472 1792 1637 1836 Beren-

76 1857 216 1913 gario.
246 1857 326 1900 Dei
346 1858 491 1913 grafia
515 1858 824 1912 Maoaionunsi
851 1858 1081 1914 episeopo,
1112 1873 1193 1915 pro
1220 1861 1306 1903 hiis
1334 1855 1420 1918 que
1448 1877 1475 1907 a
1502 1864 1632 1908 vohis

9 1934 12 1938 '
74 1928 330 1984 recepimus
357 1941 415 1970 ex
464 1928 547 1970 hac
596 1928 942 1983 pernnzailone,
997 1932 1039 1971 et
1067 1932 1403 1975 successorihus
1452 1936 1631 1984 vestris,

79 1999 250 2042 scilieet
274 2001 417 2042 totam
466 1999 595 2041 illam
643 2003 820 2054 pai-2211}
878 2003 1097 2047 nostram,
1153 2015 1291 2057 quam
1319 2003 1542 2048 habemus
1592 2009 1637 2049 et

76 2070 244 2113 habere
283 2069 505 2112 debemus
555 2069 602 2110 in
628 2069 761 2112 fui-no
789 2070 925 2112 castri
978 2070 1230 2119 Vittenove,
1262 2077 1306 2115 et
1332 2074 1379 2115 in
1429 2076 1563 2119 domo
1589 2077 1638 2120 in

78 2153 170 2196 qua
195 2144 265 2193 est
284 2140 432 2183 dictus
453 2139 626 2187 furnus:
661 2153 748 2195 que
777 2140 941 2182 domus
969 2144 1012 2183 et
1033 2141 1193 2184 furnus
1220 2144 1559 2189 confrontantur
1579 2161 1638 2191 ex

4 2216 9 2220 '
76 2224 168 2254 una
188 2214 315 2267 parte
342 2223 445 2253 cum
472 2213 669 2252 mercato
690 2210 796 2252 dicti
823 2211 957 2252 castri
983 2211 1240 2261 Villenove‚
1269 2217 1312 2256 et
1339 2229 1399 2258 ex
1418 2217 1520 2260 aliis
1541 2231 1638 2260 om-

78 2283 217 2325 nibus
266 2281 473 2337 partibus
499 2293 603 2323 eum
629 2281 717 2323 viis
762 2281 973 2336 publicis;
1003 2285 1047 2324 et
1098 2284 1237 2326 etiam
1266 2288 1410 2328 totum
1458 2287 1545 2343 jus,
1595 2293 1640 2333 et

77 2353 214 2396 etiam
235 2365 394 2395 omnes
414 2352 627 2397 actiones,
647 2351 906 2407 peticiones,
925 2354 1279 2407 prosecutiones,
1310 2357 1632 2410 deffensione-s,

78 2423 369 2478 exceptiones
421 2422 580 2469 reales,
613 2422 890 2477 personales.
924 2413 1107 2470 mixtas,
1140 2426 1392 2470 ordinarias
1420 2432 1465 2471 et
1491 2433 1640 2473 extra-

4 2507 31 2545 ,ζ
76 2493 344 2541 ordinarias,
397 2493 554 2535 civiles
581 2495 624 2534 et
676 2484 910 2547 pretorias,
960 2494 1155 2537 directas
1192 2499 1236 2537 et
1263 2498 1411 2547 utiles,
1437 2503 1481 2542 et
1523 2501 1636 2544 alias

78 2564 322 2621 quaslibet,
371 2563 505 2605 nobis
557 2565 599 2605 et
647 2563 983 2606 successorihus
1029 2566 1194 2608 nostr³s
1239 2573 1549 2624 competentes
1592 2573 1642 2615 in

0 2678 34 2736 a}

0 2775 44 2884 Ξῖ

0 2883 44 2947 ⁹1-

0 3087 46 3251 ἓ

77 2634 197 2677 dicto
223 2633 355 2676 furno
381 2636 425 2676 et
451 2633 602 2680 domo
633 2636 677 2675 et
703 2633 1042 2688 competituras;
1075 2635 1158 2678 hoe
1185 2639 1340 2681 tamen
1366 2645 1570 2697 excepto,
1595 2647 1641 2686 et

80 2704 210 2748 nobis
237 2707 282 2746 et
332 2704 668 2747 successoribus
695 2704 860 2746 nostris
899 2707 1089 2753 retento,
1127 2708 1250 2762 quod
1300 2709 1339 2752 si
1389 2711 1436 2753 in
1486 2714 1641 2770 aliqua

79 2775 359 2830 obiigacione
381 2787 540 2816 sumus
560 2774 626 2816 illi
647 2787 728 2816 seu
749 2773 853 2821 illis,
884 2787 912 2815 x
917 2775 957 2816 el
979 2788 1136 2818 eorum
1164 2783 1516 2833 successoribus,
1541 2786 1633 2841 qui,

80 2858 218 2888 causa
242 2846 439 2900 pietatis,
470 2844 638 2886 dictam
677 2847 854 2899 partem
881 2844 1045 2887 domus
1072 2849 1115 2888 et
1159 2847 1278 2891 furni
1329 2851 1640 2907 Magalonensi

81 2915 338 2958 communie
364 2915 475 2958 olim
501 2915 801 2962 contulerunt,
832 2914 958 2956 illam
985 2916 1312 2971 obligationem
1334 2925 1377 2964 et
1403 2924 1515 2967 illud
1563 2926 1641 2970 ho-

28 3018 38 3026 .
82 2998 168 3028 nus
193 2998 334 3041 penes
360 2998 441 3028 nos
468 2988 512 3027 et
538 2985 724 3029 dictam„
738 2985 1049 3027 communiam
1075 2989 1257 3042 penitus
1283 2993 1547 3043 retinemus,

141 3054 286 3107 Quam
311 3058 489 3111 partem
514 3055 635 3098 furni
662 3057 706 3097 et
733 3055 898 3097 domus
917 3055 1138 3100 faciemus
1167 3073 1248 3102 vos
1275 3064 1320 3103 et
1340 3067 1515 3108 vestros
1544 3081 1642 3112 suc-
