2040 3404
742 222 793 228 -
822 194 908 240 613
938 221 988 227 -

82 304 428 360 compositionis
455 305 669 360 predicte.
695 308 738 347 et
765 319 823 347 ex
848 306 1067 360 potestate
1095 301 1314 358 predicta,
1332 301 1463 344 nobis
1489 313 1517 344 a
1542 313 1642 356 pre-

90 374 183 418 fato
210 376 393 419 domino
419 389 520 431 rege
542 376 661 422 data,
693 375 1028 431 assignavimus
1054 373 1174 416 dicto
1201 371 1387 415 domino
1430 374 1640 428 episcopo

91 449 136 488 et
155 446 347 489 Ecclesie
370 446 689 502 Magalonensi.
712 460 790 489 scu
813 444 1174 502 procuratoribus
1194 443 1288 486 suis
1307 443 1365 486 ad
1377 442 1459 485 hec
1473 442 1643 499 specia-

90 516 192 559 liter
211 517 451 572 deputatis.
481 520 680 560 castrum
701 517 756 560 de
784 516 1009 559 Daroforti
1034 527 1138 558 cum
1163 514 1376 557 omuibus
1416 513 1642 569 pertinen-

91 587 165 630 tiis
186 588 294 630 suis.
325 591 369 630 et
392 591 531 630 totam
562 588 806 643 bayliviam
831 588 937 629 dicti
964 586 1097 629 castri
1124 586 1178 628 de
1204 584 1430 627 Durotorti
1456 584 1502 627 'et
1545 583 1641 639 ejus

90 657 334 701 districtus.
364 662 408 701 et
428 659 550 715 quod
570 659 715 700 dietus
742 658 952 701 dominus
981 656 1271 713 percipiebat,
1308 669 1387 698 seu
1414 655 1641 711 percipere

91 734 390 772 consueverat
418 730 462 771 in
492 730 726 785 parrochla
759 729 813 770 de
842 728 1118 782 Nomogleto‚
1148 727 1320 770 ratione
1358 726 1474 769 dicte
1501 725 1644 782 bayli-

93 799 166 842 vie
193 799 248 841 dc
275 799 517 842 Duroiorti.
543 805 585 842 et
608 800 652 841 in
700 800 823 854 ipsos
848 799 1082 854 episcopos
1107 802 1153 841 et
1179 798 1422 841 Ecclesiam
1450 797 1646 853 Magalo-

92 869 325 912 loiiens=·m
367 871 680 913 transtulimus
707 870 859 912 onmia
883 869 996 925 jura,
1028 873 1070 912 et
1099 869 1407 925 pocessionem
1427 872 1473 912 et
1515 870 1647 926 quasi

92 941 402 996 poeessi‹›n-.=;n
449 942 553 984 dieti
581 941 713 984 castri
764 941 819 983 de
846 940 1073 983 Durol'orti
1110 944 1156 982 et
1180 940 1277 995 ejus
1323 940 1519 996 baylivie
1547 953 1646 997 pre-

90 1011 225 1060 dicte,
254 1026 341 1068 qua
370 1013 513 1056 dict-us
541 1013 754 1055 daminus
782 1026 863 1054 rex
891 1012 935 1054 in
961 1012 1079 1054 dicto
1107 1014 1268 1054 castro.
1312 1015 1356 1054 et
1381 1010 1479 1067 ejus
1501 1011 1644 1068 bayli-

91 1082 168 1125 via
192 1086 236 1127 et
262 1083 480 1131 districtu.
510 1087 555 1126 et
582 1083 748 1139 ubique
775 1097 855 1138 pro
883 1096 934 1125 eo
955 1083 1151 1125 habebat
1172 1086 1216 1124 et
1242 1082 1531 1137 percipiebat,
1562 1095 1644 1125 seu

90 1152 256 1197 habere
277 1157 322 1196 et
341 1155 571 1210 percipere
599 1155 806 1197 debebat.
1405 1150 1409 1154 ’

151 1225 263 1267 ltein
289 1225 576 1280 assignamus
603 1225 775 1268 eisdem
818 1225 949 1267 villas
978 1226 1137 1268 Sancte
1165 1224 1316 1268 Crucis
1337 1228 1382 1268 et
1406 1225 1463 1268 de
1483 1221 1645 1269 Fonta-

94 1295 235 1343 nesio,
264 1298 309 1339 et
333 1295 434 1352 jura
459 1299 503 1339 et
553 1296 863 1352 poeessioneni
890 1296 1111 1338 dictarum
1162 1295 1389 1343 villarum,
1421 1298 1464 1338 et
1514 1296 1645 1352 quasi

93 1366 404 1421 poeessionem
456 1367 768 1410 transtulimus
804 1370 848 1407 et
898 1379 1053 1409 earum
1105 1366 1348 1422 districtus,
1378 1379 1552 1410 necnon
1601 1370 1646 1410 et

90 1438 298 1481 omnium
324 1437 491 1493 jurium
527 1438 905 1493 pertinenciaruin
956 1437 1240 1485 carumdem,
1274 1434 1385 1480 meri
1410 1450 1463 1481 ac
1513 1438 1646 1480 mixti

93 1509 290 1565 imperii.
321 1511 366 1551 et
396 1508 657 1553 omnimodi:
700 1508 1043 1563 jurisdiccionis,
1074 1508 1119 1549 iu
1168 1512 1394 1565 quantum
1421 1511 1466 1550 et
1515 1503 1648 1566 prout

95 1581 242 1623 dictus
269 1580 482 1622 dominus
510 1593 588 1622 rex
629 1579 839 1622 liabvbm.
872 1581 1051 1621 tenebat
1080 1582 1123 1622 et
1152 1579 1425 1634 possidebat,
1478 1574 1646 1624 habere

93 1654 139 1694 et
166 1651 394 1708 possidere
439 1650 635 1693 debebat
656 1651 700 1692 in
726 1663 808 1695 eis,
838 1651 977 1693 salvis
1028 1651 1240 1706 predictis
1265 1652 1478 1695 omnibus
1509 1652 1646 1696 'dicto

93 1721 277 1765 domino
302 1722 411 1776 regi.
441 1724 486 1764 et
511 1721 696 1764 retentis
723 1735 811 1778 que
838 1722 1059 1764 salvanda
1108 1725 1151 1765 et
1177 1724 1411 1767 retinenda
1437 1728 1541 1767 sunt
1589 1739 1647 1768 ex

96 1794 250 1849 vigore
279 1793 638 1848 permutationis.
671 1808 750 1836 seu
778 1793 1118 1849 compositionis
1147 1795 1406 1850 principalis
1450 1799 1649 1838 eontrac-

92 1867 179 1907 tus.
210 1883 213 1886 ·

155 1935 404 1978 Predietain
435 1950 539 1977 vero
574 1935 924 1991 assignationem
958 1937 1257 1991 predictorum
1302 1937 1500 1981 locorum
1522 1939 1646 1981 Duri-

100 2007 226 2049 t'ortis
253 2010 294 2048 et
327 2007 628 2062 sequentium.
661 2011 707 2049 ut
752 2008 1060 2062 supradictum
1115 2008 1319 2063 proxime
1347 2009 1515 2066 dictum
1561 2012 1643 2057 est,

96 2077 284 2119 fecimus
309 2091 387 2132 pro
416 2077 521 2119 11110‘
551 2077 705 2132 viginti
754 2078 876 2119 libris
933 2078 1305 2132 melgoriensibus
1332 2083 1375 2122 et
1401 2081 1438 2122 X
1489 2080 1645 2123 solidis

94 2148 233 2191 annui
261 2149 478 2196 redditus,
510 2151 551 2191 et
579 2149 636 2191 avi
657 2149 794 2191 allatu
840 2149 1210 2191 extenuationem
1239 2151 1461 2193 dictarum
1513 2151 1644 2207 quin-

96 2222 333 2275 gentarum
363 2219 595 2261 librarum.

157 2363 390 2404 Postremo
418 2376 525 2405 vero
553 2362 719 2405 ibidem
742 2363 1027 2418 presentibus
1051 2364 1260 2419 predictis
1282 2369 1327 2407 et
1349 2365 1502 2408 multis
1522 2367 1637 2414 aliis,

99 2435 142 2473 et
167 2432 213 2473 in
235 2433 404 2474 eisilvm
427 2447 545 2475 anno
567 2437 609 2475 et
636 2434 723 2481 die,
763 2434 1096 2489 assignavimus
1145 2436 1318 2478 eisdem
1363 2436 1574 2493 episeopo
1599 2449 1652 2479 ac

98 2501 290 2545 Ecclesia
335 2502 656 2558 Magalonensi,
710 2517 789 2546 seu
820 2506 1184 2559 procuratoribus
1211 2506 1305 2548 suis
1334 2520 1412 2562 pro
1470 2520 1535 2555 eo,
1568 2521 1645 2563 pro

99 2573 290 2616 residuis
319 2574 409 2616 LIX
457 2573 579 2616 tibi-is
608 2578 651 2616 et
695 2574 852 2616 decem
897 2576 1054 2618 solidis
1081 2576 1457 2631 melgoriensibus
1506 2579 1644 2621 annui

99 2643 320 2691 rcdditus.
343 2644 417 2699 qui
448 2645 679 2688 restabant
703 2646 760 2688 de
787 2646 914 2688 totali
940 2646 1243 2701 assignatione
1271 2648 1493 2691 dictarum
1520 2648 1652 2705 quin·

99 2717 335 2767 genitarum
363 2715 595 2763 librarum,
626 2716 795 2758 seilicet
824 2729 997 2759 merum
1033 2718 1275 2773 imperium
1324 2719 1427 2761 vilic
1454 2719 1651 2761 Portiani

102 2783 268 2838 eteius
295 2785 538 2833 districtus,
568 2789 614 2828 et
664 2787 848 2828 feudum
877 2800 957 2829 seu
982 2787 1054 2843 jus
1081 2788 1205 2831 teudi
1231 2793 1276 2831 et
1324 2789 1650 2845 superioritatis

102 2852 207 2915 dicti
235 2854 332 2926 loci.
363 2859 407 2896 et
427 2895 432 2899 .
455 2856 543 2898 alia
571 2856 704 2904 feuda
748 2871 827 2900 seu
857 2858 1112 2905 reti-cienda
1162 2859 1305 2915 ipsius
1349 2860 1433 2916 toci
1461 2863 1504 2912 et
1553 2860 1652 2914 ejus
