2107 3404
809 266 1063 311 —383—

80 364 126 433 f*
154 373 345 418 feudum
395 372 695 429 infrascripta.
726 387 753 417 a
806 375 952 424 vobis,
983 376 1235 420 reverendo
1265 376 1312 432 iu
1362 376 1538 420 Christo
1583 381 1713 433 patre

157 443 345 488 domino
370 444 656 499 Berengario,
687 444 767 486 Dei
793 445 938 500 gratia
963 446 1173 502 episcopo
1199 447 1523 502 MagalonensL
1567 450 1611 490 et
1638 462 1712 490 co-

87 533 110 565 ·.·
153 513 485 572 miteffiMelgorii
509 517 554 556 et
574 514 760 557 domino
774 516 1220 563 Montisterrandifet
1241 515 1299 575 [a]
1316 518 1713 572 predecessoribus

154 584 318 628 vestris
344 584 568 640 episcopis
594 585 1006 640 Magalonensibus,
1048 587 1293 630 comitibus
1319 587 1521 643 Melgorii
1548 592 1592 631 et
1636 590 1714 632 ‹lo-

80 672 105 702 2-
151 655 290 699 minis
328 648 710 702 Montisferrandi,
743 656 797 698 de
825 657 991 711 quibus
1018 658 1343 713 recognitiones
1371 658 1482 701 alias
1510 660 1641 702 vobis
1668 663 1712 702 et

149 726 315 770 vestris
354 726 749 782 predecessoribus
801 726 990 770 fecimus
1017 731 1060 771 et
1086 728 1232 771 lacere
1277 729 1534 778 debuimus,
1566 733 1615 771 ut
1664 730 1710 771 in

83 800 89 810 “’
150 796 465 841 instrumentis
491 797 855 851 recognicionum
884 798 989 840 inde
1019 798 1145 842 factis
1173 799 1353 855 plenius
1380 800 1646 842 continetur.

73 923 83 926 Δ
210 867 323 923 Cum
349 868 433 911 hoc
460 867 640 923 publico
663 867 965 911 instrumento
1006 869 1306 913 vendimus...
1351 871 1480 913 vobis
1525 884 1713 914 venera-

59 964 87 997 ·‘.
150 939 232 982 bili
258 939 306 981 in
333 938 509 982 Christo
536 939 654 993 patri
693 938 878 981 domino
924 939 1207 994 Berengario,
1232 941 1312 1002 Dei
1338 941 1482 996 gratia
1501 942 1711 1013 episcopo

149 1009 480 1065 Magalonensi,
505 1009 659 1052 comiti
684 1009 888 1064 Melgorii
922 1012 965 1052 et
992 1010 1177 1053 domino
1218 1012 1584 1055 Montisferrandi
1611 1027 1710 1068 pre-

147 1081 284 1130 dicto,
315 1094 397 1137 pro
423 1081 555 1123 vobis
596 1083 641 1122 et
668 1081 830 1123 vestris
881 1081 1216 1124 successoribus
1244 1083 1467 1138 episcopis
1512 1083 1708 1138 Magalo-

79 1152 83 1159 '
149 1152 386 1199 nensibus,
407 1155 451 1194 et
471 1151 711 1194 comitibus
738 1151 943 1206 Melgorii
970 1155 1014 1194 et
1040 1152 1236 1195 dominis
1263 1153 1644 1202 Montislerrandi,
1664 1157 1708 1197 et

80 1229 86 1234 “
145 1237 228 1281 pro
254 1222 451 1266 Ecclesia
476 1223 784 1277 Magalonensi
807 1222 1052 1278 recipienti,
1083 1223 1140 1265 ad
1161 1237 1320 1266 omnes
1342 1227 1518 1267 vestras
1545 1225 1704 1267 volun-

135 1297 328 1360 tates-et
345 1306 658 1337 successorum
678 1295 933 1336 vestrorum
955 1294 1271 1349 episcoporum
1292 1295 1696 1350 Magalonensiuln,

144 1367 189 1409 et
214 1364 432 1408 comitum
459 1363 661 1419 Metgorii
689 1367 733 1406 et
752 1364 1040 1406 dominorum
1067 1364 1447 1408 Montislerrandi:

201 1435 421 1478 Videlicet
450 1438 592 1477 totum
632 1437 830 1477 castrum
869 1438 1077 1478 nostrum
1104 1436 1158 1478 de
1204 1436 1463 1492 Breyssaco,
1495 1437 1631 1479 situm
1659 1438 1706 1479 in

45 1507 58 1550 Ϊ
99 1561 103 1570 ¹
146 1507 331 1568 dyocesi
380 1506 704 1561 Magalonensi,
737 1519 815 1548 seu
866 1506 1013 1561 capud
1064 1506 1213 1554 castri,
1262 1507 1550 1562 conjunctum
1600 1521 1703 1550 cum

49 1627 51 1629 ,
79 1587 81 1589 ’
103 1569 114 1577 ’
143 1582 290 1624 castro
317 1591 397 1621 seu
423 1577 570 1633 capite
597 1576 733 1619 castri
779 1576 944 1618 nobilis
972 1576 1054 1623 viri
1084 1576 1256 1618 domini
1283 1577 1436 1620 Poncii
1463 1578 1596 1627 Petri,
1627 1578 1703 1620 do-

43 1668 88 1707 g
141 1650 255 1694 mini
273 1648 495 1705 A'gantici.
1087 1641 1090 1644 ’

127 1710 148 1738 ”
183 1721 326 1772 ‘Quod
351 1723 550 1763 castrum
577 1732 658 1762 seu
683 1719 831 1774 capud
857 1718 995 1761 castri
1020 1719 1212 1763 dicimus
1247 1723 1291 1762 et
1333 1721 1580 1765 asserimus
1608 1721 1699 1764 sore

68 1795 371 1855 senostrum,
402 1790 614 1833 videlicet
638 1803 742 1832 cum
792 1790 1006 1838 turribus,
1037 1789 1202 1839 sorciis,
1257 1790 1504 1839 fortaliciis,
1553 1793 1701 1834 muni-

135 1854 370 1911 cionibus,
400 1861 523 1910 salis,
548 1861 774 1903 domibus.

40 1917 85 1968 .”‘;-
174 1935 247 1977 *In
273 1935 364 1991 quo
394 1932 581 1988 quidem
607 1935 753 1975 castro
799 1945 878 1974 seu
905 1932 1050 1987 capite
1095 1932 1243 1982 castri,
1275 1936 1381 1975 sunt
1418 1922 1505 1976 due
1524 1937 1692 1990 turres,

142 2008 187 2048 et
213 2005 301 2048 due
327 2004 506 2052 domus,
537 2007 582 2047 et
631 2004 829 2059 quedam
858 2003 982 2062 sala..
1003 2017 1091 2060 que
1119 2018 1208 2047 non
1237 2008 1305 2047 est
1350 2005 1605 2060 chooperta,
1655 2008 1699 2048 et

138 2076 336 2133 quedam
353 2075 502 2123 turris,
522 2074 638 2117 inter
657 2078 827 2117 turrem
848 2078 1050 2117 veterem
1071 2077 1114 2117 et
1136 2078 1304 2117 turrem
1324 2073 1507 2133 [novam
1518 2074 1549 2133 ³3]
1565 2076 1699 2118 castri

142 2160 223 2190 seu
248 2146 407 2202 capitis
439 2146 575 2189 castri
601 2146 707 2189 dicti
735 2145 908 2188 domini
934 2145 1088 2188 Poncii
1109 2146 1242 2194 Petri,
1267 2146 1440 2189 domini
1473 2147 1692 2202 Agantici.

135 2217 191 2260 Et
215 2239 219 2246 ·
240 2218 375 2259 turris
425 2230 545 2259 nova
570 2219 613 2258 et
641 2216 803 2258 forcior
847 2216 952 2259 facit
978 2229 1161 2258 murum
1202 2231 1260 2259 ex
1287 2221 1411 2273 parte
1440 2218 1691 2274 posteriori,

122 2277 298 2331 ‘versus
320 2301 532 2331 mansum
560 2288 615 2330 dc
638 2289 788 2334 Barra,
819 2290 864 2330 et
883 2287 1138 2330 clausuram
1161 2288 1479 2343 predictorum.

165 2361 249 2404 'Et
275 2359 420 2402 eciam
470 2371 571 2401 cum
609 2358 852 2400 medietate
891 2359 1010 2400 muri
1050 2359 1299 2401 barriorum
1329 2362 1370 2401 et
1422 2359 1694 2401 careriaruin

43 2483 47 2487 ἢ
135 2431 361 2474 dictorum
389 2429 656 2492 barriorum,
683 2429 996 2471 communium
1024 2443 1102 2484 pro
1126 2430 1323 2471 indiviso
1350 2430 1479 2471 nobis
1507 2432 1549 2471 et
1576 2430 1694 2472 dicto

45 2511 67 2555 ⁵,
134 2501 288 2545 nobili.
305 2501 405 2544 viro
455 2499 620 2542 Poncio
647 2499 781 2547 Petri,
833 2499 1018 2541 domino
1064 2500 1286 2554 Agantici,
1318 2500 1438 2542 intus
1465 2504 1509 2542 et
1547 2503 1689 2547 extra.

43 2575 45 2581 '
75 2604 78 2605 γ
133 2575 269 2629 prout
295 2570 580 2628 protenditur
605 2573 650 2623 et
675 2573 898 2638 quantum
926 2570 1057 2612 durat
1084 2571 1320 2626 parrochia
1347 2571 1498 2614 Sancti
1518 2571 1692 2614 Nazarii

133 2643 190 2686 de
223 2643 484 2698 Breyssaco;

189 2713 244 2756 Et
263 2712 410 2755 eciam
433 2725 536 2754 cum
557 2712 654 2768 jure
677 2711 798 2767 quod
827 2711 1048 2754 habemus
1065 2712 1116 2763 ⁸in
1137 2709 1398 2771 hominibus
1419 2715 1463 2755 et
1490 2712 1685 2755 feminis.

52 2830 58 2833 ,
167 2795 170 2798 ⁴
192 2784 305 2826 Item
331 2796 435 2826 cum
463 2782 693 2830 dominiis,
725 2782 972 2826 laudimiis.
993 2783 1207 2831 consiliis,
1231 2784 1430 2830 usaticis,
1460 2784 1685 2829 censibus.

113 2848 316 2914 quintis,
342 2853 604 2902 firmandis,
629 2853 818 2909 questi&
844 2853 1172 2902 exactionibus,
1195 2854 1400 2909 justiciis.
1420 2855 1597 2896 brumis.
1619 2855 1692 2895 [ir-

24 2930 89 2983 5,
131 2913 346 2973 mancus,
376 2923 717 2966 cohercionibus
745 2923 993 2979 majoribus
1019 2926 1064 2966 et
1091 2925 1355 2972 minoribus,
1381 2925 1690 2967 criminalibus

37 2322 62 2337 5-
