<?xml version="1.0" encoding="UTF-8"?>
<!DOCTYPE html PUBLIC "-//W3C//DTD XHTML 1.0 Transitional//EN"
    "http://www.w3.org/TR/xhtml1/DTD/xhtml1-transitional.dtd">
<html xmlns="http://www.w3.org/1999/xhtml" xml:lang="en" lang="en">
 <head>
  <title>
</title>
<meta http-equiv="Content-Type" content="text/html;charset=utf-8" />
  <meta name='ocr-system' content='tesseract 3.04.00' />
  <meta name='ocr-capabilities' content='ocr_page ocr_carea ocr_par ocr_line ocrx_word'/>
</head>
<body>
  <div class='ocr_page' id='page_1' title='image "./cartulairedemagu03cathuoft_0847.png"; bbox 0 0 2040 3404; ppageno 0'>
   <div class='ocr_carea' id='block_1_1' title="bbox 780 351 1030 394">
    <p class='ocr_par' dir='ltr' id='par_1_1' title="bbox 780 351 1030 394">
     <span class='ocr_line' id='line_1_1' title="bbox 780 351 1030 394; baseline 0 0"><span class='ocrx_word' id='word_1_1' title='bbox 780 351 1030 394; x_wconf 72' lang='lat'><strong>-839—</strong></span> 
     </span>
    </p>
   </div>
   <div class='ocr_carea' id='block_1_2' title="bbox 128 457 1687 3071">
    <p class='ocr_par' dir='ltr' id='par_1_2' title="bbox 128 457 1683 869">
     <span class='ocr_line' id='line_1_2' title="bbox 129 457 1683 515; baseline -0.002 -13"><span class='ocrx_word' id='word_1_2' title='bbox 129 459 277 508; x_wconf 81' lang='lat' dir='ltr'>castri‚</span> <span class='ocrx_word' id='word_1_3' title='bbox 307 459 354 502; x_wconf 90' lang='lat' dir='ltr'>in</span> <span class='ocrx_word' id='word_1_4' title='bbox 374 458 551 514; x_wconf 83' lang='lat' dir='ltr'>scriptis</span> <span class='ocrx_word' id='word_1_5' title='bbox 574 459 885 514; x_wconf 66' lang='lat' dir='ltr'>sollempniter</span> <span class='ocrx_word' id='word_1_6' title='bbox 905 459 1248 515; x_wconf 74' lang='lat' dir='ltr'>appellaverunt</span> <span class='ocrx_word' id='word_1_7' title='bbox 1269 458 1326 500; x_wconf 86' lang='lat' dir='ltr'>ad</span> <span class='ocrx_word' id='word_1_8' title='bbox 1348 457 1519 500; x_wconf 83' lang='lat' dir='ltr'>dictum</span> <span class='ocrx_word' id='word_1_9' title='bbox 1540 458 1683 499; x_wconf 86' lang='lat' dir='ltr'>domi-</span> 
     </span>
     <span class='ocr_line' id='line_1_3' title="bbox 128 528 1678 585; baseline -0.001 -13"><span class='ocrx_word' id='word_1_10' title='bbox 128 542 238 572; x_wconf 90' lang='lat' dir='ltr'>num</span> <span class='ocrx_word' id='word_1_11' title='bbox 265 529 580 572; x_wconf 80' lang='lat' dir='ltr'><strong>senescallum:</strong></span> <span class='ocrx_word' id='word_1_12' title='bbox 611 530 731 585; x_wconf 79' lang='lat' dir='ltr'>quod</span> <span class='ocrx_word' id='word_1_13' title='bbox 767 530 821 571; x_wconf 87' lang='lat' dir='ltr'>de</span> <span class='ocrx_word' id='word_1_14' title='bbox 842 529 953 584; x_wconf 76' lang='lat' dir='ltr'>J&#39;ure.</span> <span class='ocrx_word' id='word_1_15' title='bbox 998 533 1089 571; x_wconf 82' lang='lat' dir='ltr'>lam</span> <span class='ocrx_word' id='word_1_16' title='bbox 1116 529 1329 571; x_wconf 87' lang='lat' dir='ltr'>canonico</span> <span class='ocrx_word' id='word_1_17' title='bbox 1356 542 1491 583; x_wconf 87' lang='lat' dir='ltr'>quam</span> <span class='ocrx_word' id='word_1_18' title='bbox 1537 528 1678 570; x_wconf 80' lang='lat' dir='ltr'>civili.</span> 
     </span>
     <span class='ocr_line' id='line_1_4' title="bbox 129 599 1680 656; baseline -0.002 -13"><span class='ocrx_word' id='word_1_19' title='bbox 129 601 253 644; x_wconf 87' lang='lat' dir='ltr'>licuit</span> <span class='ocrx_word' id='word_1_20' title='bbox 271 601 403 643; x_wconf 88' lang='lat' dir='ltr'>dictis</span> <span class='ocrx_word' id='word_1_21' title='bbox 448 600 632 642; x_wconf 88' lang='lat' dir='ltr'>sindicis</span> <span class='ocrx_word' id='word_1_22' title='bbox 679 601 821 642; x_wconf 85' lang='lat' dir='ltr'>eciam</span> <span class='ocrx_word' id='word_1_23' title='bbox 849 601 995 647; x_wconf 51' lang='lat' dir='ltr'>hodie.¹</span> <span class='ocrx_word' id='word_1_24' title='bbox 1021 599 1347 643; x_wconf 78' lang='lat' dir='ltr'>consuetudine</span> <span class='ocrx_word' id='word_1_25' title='bbox 1377 600 1412 641; x_wconf 89' lang='lat' dir='ltr'>si</span> <span class='ocrx_word' id='word_1_26' title='bbox 1449 614 1539 656; x_wconf 82' lang='lat' dir='ltr'>qua</span> <span class='ocrx_word' id='word_1_27' title='bbox 1560 603 1680 641; x_wconf 81' lang='lat' dir='ltr'>esset</span> 
     </span>
     <span class='ocr_line' id='line_1_5' title="bbox 130 671 1681 727; baseline -0.001 -13"><span class='ocrx_word' id='word_1_28' title='bbox 130 671 178 714; x_wconf 90' lang='lat' dir='ltr'>in</span> <span class='ocrx_word' id='word_1_29' title='bbox 203 671 477 714; x_wconf 85' lang='lat' dir='ltr'>contrarium</span> <span class='ocrx_word' id='word_1_30' title='bbox 506 684 593 712; x_wconf 91' lang='lat' dir='ltr'>non</span> <span class='ocrx_word' id='word_1_31' title='bbox 632 671 854 712; x_wconf 73' lang='lat' dir='ltr'>obstante.</span> <span class='ocrx_word' id='word_1_32' title='bbox 900 684 1185 727; x_wconf 60' lang='lat' dir='ltr'>quocumque</span> <span class='ocrx_word' id='word_1_33' title='bbox 1223 673 1424 726; x_wconf 82' lang='lat' dir='ltr'>tempore</span> <span class='ocrx_word' id='word_1_34' title='bbox 1465 671 1519 711; x_wconf 79' lang='lat' dir='ltr'>de</span> <span class='ocrx_word' id='word_1_35' title='bbox 1568 671 1681 713; x_wconf 77' lang='lat' dir='ltr'>facto</span> 
     </span>
     <span class='ocr_line' id='line_1_6' title="bbox 133 742 1682 797; baseline -0.001 -12"><span class='ocrx_word' id='word_1_36' title='bbox 133 743 379 786; x_wconf 76' lang='lat' dir='ltr'>observata</span> <span class='ocrx_word' id='word_1_37' title='bbox 405 742 578 790; x_wconf 75' lang='lat' dir='ltr'>fuisset,</span> <span class='ocrx_word' id='word_1_38' title='bbox 619 756 697 797; x_wconf 87' lang='lat' dir='ltr'>per</span> <span class='ocrx_word' id='word_1_39' title='bbox 719 743 988 784; x_wconf 75' lang='lat' dir='ltr'>decretalem</span> <span class='ocrx_word' id='word_1_40' title='bbox 1012 755 1177 783; x_wconf 73' lang='lat' dir='ltr'>novam</span> <span class='ocrx_word' id='word_1_41' title='bbox 1207 742 1489 784; x_wconf 70' lang='lat' dir='ltr'>Sanctissimi</span> <span class='ocrx_word' id='word_1_42' title='bbox 1512 742 1682 784; x_wconf 89' lang='lat' dir='ltr'>domini</span> 
     </span>
     <span class='ocr_line' id='line_1_7' title="bbox 132 813 1337 869; baseline -0.002 -13"><span class='ocrx_word' id='word_1_43' title='bbox 132 813 350 856; x_wconf 76' lang='lat' dir='ltr'>Bonisacii</span> <span class='ocrx_word' id='word_1_44' title='bbox 373 827 486 869; x_wconf 85' lang='lat' dir='ltr'>pape</span> <span class='ocrx_word' id='word_1_45' title='bbox 508 813 648 855; x_wconf 79' lang='lat' dir='ltr'>nostri</span> <span class='ocrx_word' id='word_1_46' title='bbox 678 827 764 868; x_wconf 86' lang='lat' dir='ltr'>que</span> <span class='ocrx_word' id='word_1_47' title='bbox 787 813 955 868; x_wconf 82' lang='lat' dir='ltr'>incipit:</span> <span class='ocrx_word' id='word_1_48' title='bbox 987 829 1073 853; x_wconf 77' lang='lat' dir='ltr'>mm</span> <span class='ocrx_word' id='word_1_49' title='bbox 1101 820 1337 869; x_wconf 68' lang='grc' dir='ltr'>ριιιιιηιιιε.</span> 
     </span>
    </p>

    <p class='ocr_par' dir='ltr' id='par_1_3' title="bbox 131 883 1685 1718">
     <span class='ocr_line' id='line_1_8' title="bbox 193 883 1680 939; baseline -0.001 -12"><span class='ocrx_word' id='word_1_50' title='bbox 193 886 405 927; x_wconf 83' lang='lat' dir='ltr'>Pretextu</span> <span class='ocrx_word' id='word_1_51' title='bbox 431 897 622 939; x_wconf 89' lang='lat' dir='ltr'>quarum</span> <span class='ocrx_word' id='word_1_52' title='bbox 640 884 996 939; x_wconf 72' lang='lat' dir='ltr'>appellationum</span> <span class='ocrx_word' id='word_1_53' title='bbox 1023 898 1102 925; x_wconf 71' lang='lat' dir='ltr'>vos</span> <span class='ocrx_word' id='word_1_54' title='bbox 1130 884 1274 926; x_wconf 78' lang='lat' dir='ltr'>(lictus</span> <span class='ocrx_word' id='word_1_55' title='bbox 1296 884 1506 925; x_wconf 67' lang='lat' dir='ltr'>«lominus</span> <span class='ocrx_word' id='word_1_56' title='bbox 1526 883 1680 938; x_wconf 77' lang='lat' dir='ltr'>jtidex.</span> 
     </span>
     <span class='ocr_line' id='line_1_9' title="bbox 134 954 1681 1012; baseline -0.001 -14"><span class='ocrx_word' id='word_1_57' title='bbox 134 956 365 1012; x_wconf 85' lang='lat' dir='ltr'>proposito</span> <span class='ocrx_word' id='word_1_58' title='bbox 399 969 480 997; x_wconf 85' lang='lat' dir='ltr'>seu</span> <span class='ocrx_word' id='word_1_59' title='bbox 520 955 732 997; x_wconf 81' lang='lat' dir='ltr'>hostenso</span> <span class='ocrx_word' id='word_1_60' title='bbox 780 955 906 997; x_wconf 73' lang='lat' dir='ltr'>vonis</span> <span class='ocrx_word' id='word_1_61' title='bbox 934 956 1069 1009; x_wconf 75' lang='lat' dir='ltr'>qnod.</span> <span class='ocrx_word' id='word_1_62' title='bbox 1113 955 1177 996; x_wconf 75' lang='lat' dir='ltr'>eis</span> <span class='ocrx_word' id='word_1_63' title='bbox 1219 955 1535 1010; x_wconf 72' lang='lat' dir='ltr'>pendentibus,</span> <span class='ocrx_word' id='word_1_64' title='bbox 1578 954 1681 1010; x_wconf 81' lang='lat' dir='ltr'>‹licti</span> 
     </span>
     <span class='ocr_line' id='line_1_10' title="bbox 135 1025 1682 1082; baseline -0.003 -12"><span class='ocrx_word' id='word_1_65' title='bbox 135 1026 313 1082; x_wconf 81' lang='lat' dir='ltr'>bajulus</span> <span class='ocrx_word' id='word_1_66' title='bbox 334 1029 378 1068; x_wconf 93' lang='lat' dir='ltr'>et</span> <span class='ocrx_word' id='word_1_67' title='bbox 403 1025 543 1081; x_wconf 80' lang='lat' dir='ltr'>judex</span> <span class='ocrx_word' id='word_1_68' title='bbox 570 1026 674 1067; x_wconf 88' lang='lat' dir='ltr'>dicti</span> <span class='ocrx_word' id='word_1_69' title='bbox 697 1025 828 1068; x_wconf 88' lang='lat' dir='ltr'>castri</span> <span class='ocrx_word' id='word_1_70' title='bbox 860 1025 1202 1080; x_wconf 73' lang='lat' dir='ltr'>pignoraveraut</span> <span class='ocrx_word' id='word_1_71' title='bbox 1233 1026 1454 1080; x_wconf 81' lang='lat' dir='ltr'>quosdam</span> <span class='ocrx_word' id='word_1_72' title='bbox 1476 1025 1682 1066; x_wconf 76' lang='lat' dir='ltr'>homines</span> 
     </span>
     <span class='ocr_line' id='line_1_11' title="bbox 131 1096 1681 1151; baseline -0.002 -11"><span class='ocrx_word' id='word_1_73' title='bbox 131 1101 176 1140; x_wconf 88' lang='lat' dir='ltr'>et</span> <span class='ocrx_word' id='word_1_74' title='bbox 197 1098 409 1140; x_wconf 89' lang='lat' dir='ltr'>mulieres</span> <span class='ocrx_word' id='word_1_75' title='bbox 436 1096 568 1139; x_wconf 84' lang='lat' dir='ltr'>castri</span> <span class='ocrx_word' id='word_1_76' title='bbox 591 1096 795 1151; x_wconf 81' lang='lat' dir='ltr'>ejusdem</span> <span class='ocrx_word' id='word_1_77' title='bbox 825 1110 903 1138; x_wconf 85' lang='lat' dir='ltr'>seu</span> <span class='ocrx_word' id='word_1_78' title='bbox 927 1097 1160 1151; x_wconf 71' lang='lat' dir='ltr'>pignorare</span> <span class='ocrx_word' id='word_1_79' title='bbox 1192 1096 1402 1138; x_wconf 78' lang='lat' dir='ltr'>fecerant.</span> <span class='ocrx_word' id='word_1_80' title='bbox 1441 1096 1681 1138; x_wconf 71' lang='lat' dir='ltr'>literatorn¹</span> 
     </span>
     <span class='ocr_line' id='line_1_12' title="bbox 131 1167 1685 1223; baseline -0.003 -12"><span class='ocrx_word' id='word_1_81' title='bbox 131 1168 381 1211; x_wconf 77' lang='lat' dir='ltr'>mandastis</span> <span class='ocrx_word' id='word_1_82' title='bbox 408 1168 525 1210; x_wconf 91' lang='lat' dir='ltr'>dicto</span> <span class='ocrx_word' id='word_1_83' title='bbox 546 1168 705 1210; x_wconf 87' lang='lat' dir='ltr'>rectori</span> <span class='ocrx_word' id='word_1_84' title='bbox 728 1168 846 1223; x_wconf 81' lang='lat' dir='ltr'>quod</span> <span class='ocrx_word' id='word_1_85' title='bbox 875 1167 1089 1223; x_wconf 78' lang='lat' dir='ltr'>quicquid</span> <span class='ocrx_word' id='word_1_86' title='bbox 1124 1167 1302 1209; x_wconf 83' lang='lat' dir='ltr'>interim</span> <span class='ocrx_word' id='word_1_87' title='bbox 1329 1168 1561 1209; x_wconf 80' lang='lat' dir='ltr'>occasione</span> <span class='ocrx_word' id='word_1_88' title='bbox 1587 1181 1685 1222; x_wconf 70' lang='lat' dir='ltr'>pre-</span> 
     </span>
     <span class='ocr_line' id='line_1_13' title="bbox 133 1236 1676 1294; baseline -0.003 -12"><span class='ocrx_word' id='word_1_89' title='bbox 133 1239 353 1282; x_wconf 88' lang='lat' dir='ltr'>dictorum</span> <span class='ocrx_word' id='word_1_90' title='bbox 376 1238 518 1291; x_wconf 59' lang='lat' dir='ltr'>(decli.</span> <span class='ocrx_word' id='word_1_91' title='bbox 545 1239 599 1280; x_wconf 77' lang='lat' dir='ltr'>m</span> <span class='ocrx_word' id='word_1_92' title='bbox 626 1248 759 1286; x_wconf 69' lang='lat' dir='ltr'>cent.)</span> <span class='ocrx_word' id='word_1_93' title='bbox 781 1239 926 1280; x_wconf 80' lang='lat' dir='ltr'>‹lictus</span> <span class='ocrx_word' id='word_1_94' title='bbox 956 1242 1096 1279; x_wconf 56' lang='lat' dir='ltr'>rector</span> <span class='ocrx_word' id='word_1_95' title='bbox 1126 1241 1254 1293; x_wconf 83' lang='lat' dir='ltr'>prout</span> <span class='ocrx_word' id='word_1_96' title='bbox 1271 1236 1676 1294; x_wconf 57' lang='lat' dir='ltr'>sequunturtdbclz.</span> 
     </span>
     <span class='ocr_line' id='line_1_14' title="bbox 141 1309 1684 1365; baseline -0.001 -13"><span class='ocrx_word' id='word_1_97' title='bbox 141 1310 199 1352; x_wconf 78' lang='lat'>12</span> <span class='ocrx_word' id='word_1_98' title='bbox 223 1315 359 1365; x_wconf 82' lang='lat' dir='ltr'>cent.)</span> <span class='ocrx_word' id='word_1_99' title='bbox 381 1310 543 1353; x_wconf 82' lang='lat' dir='ltr'>faceret</span> <span class='ocrx_word' id='word_1_100' title='bbox 573 1310 689 1352; x_wconf 85' lang='lat' dir='ltr'>dicta</span> <span class='ocrx_word' id='word_1_101' title='bbox 721 1310 906 1365; x_wconf 78' lang='lat' dir='ltr'>pignora</span> <span class='ocrx_word' id='word_1_102' title='bbox 932 1309 1103 1351; x_wconf 77' lang='lat' dir='ltr'>restitui</span> <span class='ocrx_word' id='word_1_103' title='bbox 1127 1309 1387 1350; x_wconf 82' lang='lat' dir='ltr'>hominibus</span> <span class='ocrx_word' id='word_1_104' title='bbox 1415 1309 1684 1364; x_wconf 76' lang='lat' dir='ltr'>supradictis</span> 
     </span>
     <span class='ocr_line' id='line_1_15' title="bbox 132 1380 1682 1438; baseline -0.003 -13"><span class='ocrx_word' id='word_1_105' title='bbox 132 1385 264 1438; x_wconf 83' lang='lat' dir='ltr'>capta</span> <span class='ocrx_word' id='word_1_106' title='bbox 288 1382 346 1424; x_wconf 85' lang='lat' dir='ltr'>ab</span> <span class='ocrx_word' id='word_1_107' title='bbox 373 1381 438 1424; x_wconf 89' lang='lat' dir='ltr'>eis</span> <span class='ocrx_word' id='word_1_108' title='bbox 461 1380 602 1435; x_wconf 57' lang='lat' dir='ltr'>(decb.</span> <span class='ocrx_word' id='word_1_109' title='bbox 630 1380 658 1421; x_wconf 74' lang='grc'><em>6</em></span> <span class='ocrx_word' id='word_1_110' title='bbox 684 1387 817 1429; x_wconf 67' lang='lat' dir='ltr'>cerel.)</span> <span class='ocrx_word' id='word_1_111' title='bbox 836 1380 923 1421; x_wconf 76' lang='lat' dir='ltr'>lide</span> <span class='ocrx_word' id='word_1_112' title='bbox 948 1380 1030 1422; x_wconf 85' lang='lat' dir='ltr'>sibi</span> <span class='ocrx_word' id='word_1_113' title='bbox 1057 1382 1168 1422; x_wconf 75' lang='lat' dir='ltr'>lacta</span> <span class='ocrx_word' id='word_1_114' title='bbox 1197 1380 1250 1421; x_wconf 73' lang='lat' dir='ltr'>dc</span> <span class='ocrx_word' id='word_1_115' title='bbox 1274 1380 1500 1434; x_wconf 74' lang='lat' dir='ltr'>predictis,</span> <span class='ocrx_word' id='word_1_116' title='bbox 1525 1380 1682 1421; x_wconf 80' lang='lat' dir='ltr'>eadem</span> 
     </span>
     <span class='ocr_line' id='line_1_16' title="bbox 134 1450 1685 1509; baseline -0.003 -14"><span class='ocrx_word' id='word_1_117' title='bbox 134 1453 322 1509; x_wconf 82' lang='lat' dir='ltr'>pignora</span> <span class='ocrx_word' id='word_1_118' title='bbox 347 1453 519 1495; x_wconf 85' lang='lat' dir='ltr'>eisdem</span> <span class='ocrx_word' id='word_1_119' title='bbox 548 1452 808 1494; x_wconf 84' lang='lat' dir='ltr'>hominibus</span> <span class='ocrx_word' id='word_1_120' title='bbox 832 1452 1002 1493; x_wconf 80' lang='lat' dir='ltr'>restitui</span> <span class='ocrx_word' id='word_1_121' title='bbox 1035 1451 1150 1499; x_wconf 75' lang='lat' dir='ltr'>t&#39;ecitj.</span> <span class='ocrx_word' id='word_1_122' title='bbox 1185 1451 1238 1491; x_wconf 77' lang='lat' dir='ltr'>de</span> <span class='ocrx_word' id='word_1_123' title='bbox 1261 1450 1426 1506; x_wconf 76' lang='lat' dir='ltr'>quibus</span> <span class='ocrx_word' id='word_1_124' title='bbox 1448 1450 1583 1492; x_wconf 83' lang='lat' dir='ltr'>etiam</span> <span class='ocrx_word' id='word_1_125' title='bbox 1608 1462 1685 1505; x_wconf 88' lang='lat' dir='ltr'>per</span> 
     </span>
     <span class='ocr_line' id='line_1_17' title="bbox 134 1521 1678 1578; baseline -0.002 -12"><span class='ocrx_word' id='word_1_126' title='bbox 134 1524 436 1566; x_wconf 87' lang='lat' dir='ltr'>instrumenta</span> <span class='ocrx_word' id='word_1_127' title='bbox 461 1523 742 1566; x_wconf 72' lang='lat' dir='ltr'>conficienda</span> <span class='ocrx_word' id='word_1_128' title='bbox 771 1527 819 1565; x_wconf 88' lang='lat' dir='ltr'>ut</span> <span class='ocrx_word' id='word_1_129' title='bbox 840 1523 1031 1578; x_wconf 77' lang='lat' dir='ltr'>publica.</span> <span class='ocrx_word' id='word_1_130' title='bbox 1066 1522 1223 1577; x_wconf 81' lang='lat' dir='ltr'>poterit</span> <span class='ocrx_word' id='word_1_131' title='bbox 1248 1521 1343 1563; x_wconf 76' lang='lat' dir='ltr'>sieri</span> <span class='ocrx_word' id='word_1_132' title='bbox 1379 1522 1511 1576; x_wconf 72' lang='lat' dir='ltr'>plena</span> <span class='ocrx_word' id='word_1_133' title='bbox 1550 1521 1678 1570; x_wconf 77' lang='lat' dir='ltr'>fides,</span> 
     </span>
     <span class='ocr_line' id='line_1_18' title="bbox 132 1592 1679 1651; baseline -0.003 -13"><span class='ocrx_word' id='word_1_134' title='bbox 132 1608 235 1637; x_wconf 90' lang='lat' dir='ltr'>cum</span> <span class='ocrx_word' id='word_1_135' title='bbox 256 1609 392 1651; x_wconf 87' lang='lat' dir='ltr'>super</span> <span class='ocrx_word' id='word_1_136' title='bbox 417 1595 482 1637; x_wconf 88' lang='lat' dir='ltr'>eis</span> <span class='ocrx_word' id='word_1_137' title='bbox 501 1594 790 1637; x_wconf 68' lang='lat' dir='ltr'>conficiendis</span> <span class='ocrx_word' id='word_1_138' title='bbox 818 1595 921 1635; x_wconf 83' lang='lat' dir='ltr'>certi</span> <span class='ocrx_word' id='word_1_139' title='bbox 948 1593 1104 1636; x_wconf 78' lang='lat' dir='ltr'>notarii</span> <span class='ocrx_word' id='word_1_140' title='bbox 1128 1592 1292 1647; x_wconf 81' lang='lat' dir='ltr'>publici</span> <span class='ocrx_word' id='word_1_141' title='bbox 1316 1592 1492 1634; x_wconf 76' lang='lat' dir='ltr'>fuerunt</span> <span class='ocrx_word' id='word_1_142' title='bbox 1518 1592 1679 1647; x_wconf 74' lang='lat' dir='ltr'>requi-.</span> 
     </span>
     <span class='ocr_line' id='line_1_19' title="bbox 133 1664 1429 1718; baseline -0.002 -10"><span class='ocrx_word' id='word_1_143' title='bbox 133 1665 222 1714; x_wconf 80' lang='lat' dir='ltr'>siti,</span> <span class='ocrx_word' id='word_1_144' title='bbox 248 1667 364 1715; x_wconf 81' lang='lat' dir='ltr'>licet,</span> <span class='ocrx_word' id='word_1_145' title='bbox 396 1670 445 1709; x_wconf 92' lang='lat' dir='ltr'>ut</span> <span class='ocrx_word' id='word_1_146' title='bbox 464 1666 691 1708; x_wconf 86' lang='lat' dir='ltr'>dixerunt.</span> <span class='ocrx_word' id='word_1_147' title='bbox 723 1680 774 1707; x_wconf 79' lang='lat' dir='ltr'>ea</span> <span class='ocrx_word' id='word_1_148' title='bbox 803 1665 997 1707; x_wconf 75' lang='lat' dir='ltr'>totaliter</span> <span class='ocrx_word' id='word_1_149' title='bbox 1025 1678 1111 1706; x_wconf 89' lang='lat' dir='ltr'>non</span> <span class='ocrx_word' id='word_1_150' title='bbox 1136 1664 1429 1718; x_wconf 78' lang='lat' dir='ltr'>perfecerunt.</span> 
     </span>
    </p>

    <p class='ocr_par' dir='ltr' id='par_1_4' title="bbox 131 1735 1686 2433">
     <span class='ocr_line' id='line_1_20' title="bbox 193 1735 1682 1793; baseline -0.003 -13"><span class='ocrx_word' id='word_1_151' title='bbox 193 1738 360 1780; x_wconf 76' lang='lat' dir='ltr'>Verum</span> <span class='ocrx_word' id='word_1_152' title='bbox 389 1751 489 1779; x_wconf 89' lang='lat' dir='ltr'>cum</span> <span class='ocrx_word' id='word_1_153' title='bbox 520 1738 617 1793; x_wconf 82' lang='lat' dir='ltr'>pest</span> <span class='ocrx_word' id='word_1_154' title='bbox 649 1741 739 1779; x_wconf 83' lang='lat' dir='ltr'>tam</span> <span class='ocrx_word' id='word_1_155' title='bbox 769 1736 990 1791; x_wconf 82' lang='lat' dir='ltr'>predictas</span> <span class='ocrx_word' id='word_1_156' title='bbox 1017 1735 1358 1790; x_wconf 65' lang='lat' dir='ltr'>appellationes.</span> <span class='ocrx_word' id='word_1_157' title='bbox 1391 1747 1528 1789; x_wconf 83' lang='lat' dir='ltr'>quam</span> <span class='ocrx_word' id='word_1_158' title='bbox 1548 1735 1682 1776; x_wconf 82' lang='lat' dir='ltr'>etiam</span> 
     </span>
     <span class='ocr_line' id='line_1_21' title="bbox 133 1805 1685 1864; baseline -0.003 -13"><span class='ocrx_word' id='word_1_159' title='bbox 133 1812 236 1864; x_wconf 87' lang='lat' dir='ltr'>post</span> <span class='ocrx_word' id='word_1_160' title='bbox 262 1809 484 1864; x_wconf 86' lang='lat' dir='ltr'>predictas</span> <span class='ocrx_word' id='word_1_161' title='bbox 512 1809 682 1850; x_wconf 77' lang='lat' dir='ltr'>litteras</span> <span class='ocrx_word' id='word_1_162' title='bbox 709 1822 735 1850; x_wconf 79' lang='lat' dir='ltr'>a</span> <span class='ocrx_word' id='word_1_163' title='bbox 770 1808 898 1848; x_wconf 75' lang='lat' dir='ltr'>vobis</span> <span class='ocrx_word' id='word_1_164' title='bbox 923 1807 1198 1862; x_wconf 79' lang='lat' dir='ltr'>impetratas.</span> <span class='ocrx_word' id='word_1_165' title='bbox 1229 1819 1366 1860; x_wconf 79' lang='lat' dir='ltr'>quam</span> <span class='ocrx_word' id='word_1_166' title='bbox 1412 1805 1547 1847; x_wconf 84' lang='lat' dir='ltr'>etiam</span> <span class='ocrx_word' id='word_1_167' title='bbox 1588 1820 1685 1860; x_wconf 77' lang='lat' dir='ltr'>pre-</span> 
     </span>
     <span class='ocr_line' id='line_1_22' title="bbox 131 1877 1684 1923; baseline -0.003 0"><span class='ocrx_word' id='word_1_168' title='bbox 131 1880 430 1923; x_wconf 85' lang='lat' dir='ltr'>sentationem</span> <span class='ocrx_word' id='word_1_169' title='bbox 457 1893 628 1922; x_wconf 87' lang='lat' dir='ltr'>earum.</span> <span class='ocrx_word' id='word_1_170' title='bbox 663 1879 810 1921; x_wconf 86' lang='lat' dir='ltr'>nuncii</span> <span class='ocrx_word' id='word_1_171' title='bbox 840 1879 954 1919; x_wconf 68' lang='lat' dir='ltr'>dicte</span> <span class='ocrx_word' id='word_1_172' title='bbox 983 1877 1101 1919; x_wconf 69' lang='lat' dir='ltr'>vui-ie</span> <span class='ocrx_word' id='word_1_173' title='bbox 1130 1877 1184 1918; x_wconf 84' lang='lat' dir='ltr'>de</span> <span class='ocrx_word' id='word_1_174' title='bbox 1215 1877 1443 1920; x_wconf 81' lang='lat' dir='ltr'>mandato.</span> <span class='ocrx_word' id='word_1_175' title='bbox 1478 1879 1519 1917; x_wconf 81' lang='lat' dir='ltr'>ut</span> <span class='ocrx_word' id='word_1_176' title='bbox 1566 1877 1684 1919; x_wconf 80' lang='lat' dir='ltr'>dice—</span> 
     </span>
     <span class='ocr_line' id='line_1_23' title="bbox 134 1947 1681 2003; baseline -0.003 -10"><span class='ocrx_word' id='word_1_177' title='bbox 134 1951 257 1999; x_wconf 86' lang='lat' dir='ltr'>bant,</span> <span class='ocrx_word' id='word_1_178' title='bbox 287 1951 575 1994; x_wconf 89' lang='lat' dir='ltr'>dominorum</span> <span class='ocrx_word' id='word_1_179' title='bbox 622 1951 727 1992; x_wconf 84' lang='lat' dir='ltr'>dicti</span> <span class='ocrx_word' id='word_1_180' title='bbox 768 1950 914 1998; x_wconf 72' lang='lat' dir='ltr'>castri,</span> <span class='ocrx_word' id='word_1_181' title='bbox 947 1949 1000 1990; x_wconf 68' lang='lat' dir='ltr'>sle</span> <span class='ocrx_word' id='word_1_182' title='bbox 1048 1962 1163 1989; x_wconf 73' lang='lat' dir='ltr'>novo</span> <span class='ocrx_word' id='word_1_183' title='bbox 1209 1948 1454 2003; x_wconf 73' lang='lat' dir='ltr'>quenulam</span> <span class='ocrx_word' id='word_1_184' title='bbox 1503 1947 1681 1988; x_wconf 74' lang='lat' dir='ltr'>furnum</span> 
     </span>
     <span class='ocr_line' id='line_1_24' title="bbox 133 2018 1684 2078; baseline -0.005 -13"><span class='ocrx_word' id='word_1_185' title='bbox 133 2022 370 2078; x_wconf 85' lang='lat' dir='ltr'>cujusdam</span> <span class='ocrx_word' id='word_1_186' title='bbox 397 2022 595 2065; x_wconf 77' lang='lat' dir='ltr'>hominis</span> <span class='ocrx_word' id='word_1_187' title='bbox 622 2021 727 2063; x_wconf 81' lang='lat' dir='ltr'>‹licti</span> <span class='ocrx_word' id='word_1_188' title='bbox 758 2021 837 2062; x_wconf 81' lang='lat' dir='ltr'>loci</span> <span class='ocrx_word' id='word_1_189' title='bbox 867 2020 1117 2061; x_wconf 82' lang='lat' dir='ltr'>diruerunt:</span> <span class='ocrx_word' id='word_1_190' title='bbox 1151 2019 1240 2060; x_wconf 80' lang='lat' dir='ltr'>lide</span> <span class='ocrx_word' id='word_1_191' title='bbox 1272 2018 1389 2060; x_wconf 77' lang='lat' dir='ltr'>facta</span> <span class='ocrx_word' id='word_1_192' title='bbox 1410 2018 1464 2059; x_wconf 85' lang='lat' dir='ltr'>de</span> <span class='ocrx_word' id='word_1_193' title='bbox 1493 2032 1544 2058; x_wconf 79' lang='lat' dir='ltr'>eo</span> <span class='ocrx_word' id='word_1_194' title='bbox 1566 2021 1607 2059; x_wconf 88' lang='lat' dir='ltr'>et</span> <span class='ocrx_word' id='word_1_195' title='bbox 1630 2018 1684 2058; x_wconf 74' lang='lat' dir='ltr'>(le</span> 
     </span>
     <span class='ocr_line' id='line_1_25' title="bbox 135 2088 1684 2146; baseline -0.004 -11"><span class='ocrx_word' id='word_1_196' title='bbox 135 2094 200 2136; x_wconf 87' lang='lat' dir='ltr'>eis</span> <span class='ocrx_word' id='word_1_197' title='bbox 227 2093 345 2136; x_wconf 88' lang='lat' dir='ltr'>dict-o</span> <span class='ocrx_word' id='word_1_198' title='bbox 373 2094 547 2137; x_wconf 79' lang='lat' dir='ltr'>rectori,</span> <span class='ocrx_word' id='word_1_199' title='bbox 579 2093 699 2134; x_wconf 81' lang='lat' dir='ltr'>idem</span> <span class='ocrx_word' id='word_1_200' title='bbox 740 2095 882 2133; x_wconf 76' lang='lat' dir='ltr'>rector</span> <span class='ocrx_word' id='word_1_201' title='bbox 909 2090 1150 2146; x_wconf 78' lang='lat' dir='ltr'>requisitus</span> <span class='ocrx_word' id='word_1_202' title='bbox 1174 2090 1215 2130; x_wconf 91' lang='lat' dir='ltr'>in</span> <span class='ocrx_word' id='word_1_203' title='bbox 1256 2092 1423 2131; x_wconf 85' lang='lat' dir='ltr'>statum</span> <span class='ocrx_word' id='word_1_204' title='bbox 1447 2088 1684 2143; x_wconf 86' lang='lat' dir='ltr'>pristinum</span> 
     </span>
     <span class='ocr_line' id='line_1_26' title="bbox 135 2160 1686 2220; baseline -0.005 -13"><span class='ocrx_word' id='word_1_205' title='bbox 135 2165 323 2213; x_wconf 83' lang='lat' dir='ltr'>restitui,</span> <span class='ocrx_word' id='word_1_206' title='bbox 357 2164 550 2220; x_wconf 88' lang='lat' dir='ltr'>reparari</span> <span class='ocrx_word' id='word_1_207' title='bbox 567 2178 645 2206; x_wconf 87' lang='lat' dir='ltr'>seu</span> <span class='ocrx_word' id='word_1_208' title='bbox 675 2162 955 2205; x_wconf 85' lang='lat' dir='ltr'>rehcdil&#39;icari</span> <span class='ocrx_word' id='word_1_209' title='bbox 982 2162 1081 2203; x_wconf 70' lang='lat' dir='ltr'>iecit</span> <span class='ocrx_word' id='word_1_210' title='bbox 1109 2161 1302 2203; x_wconf 87' lang='lat' dir='ltr'>eundem</span> <span class='ocrx_word' id='word_1_211' title='bbox 1333 2160 1533 2201; x_wconf 82' lang='lat' dir='ltr'>furnum.</span> <span class='ocrx_word' id='word_1_212' title='bbox 1555 2163 1686 2214; x_wconf 90' lang='lat' dir='ltr'>prout</span> 
     </span>
     <span class='ocr_line' id='line_1_27' title="bbox 136 2231 1684 2291; baseline -0.005 -13"><span class='ocrx_word' id='word_1_213' title='bbox 136 2235 273 2278; x_wconf 83' lang='lat' dir='ltr'>etiam</span> <span class='ocrx_word' id='word_1_214' title='bbox 318 2239 522 2279; x_wconf 78' lang='lat' dir='ltr'>constare</span> <span class='ocrx_word' id='word_1_215' title='bbox 575 2235 734 2291; x_wconf 87' lang='lat' dir='ltr'>poterit</span> <span class='ocrx_word' id='word_1_216' title='bbox 766 2247 845 2289; x_wconf 74' lang='lat' dir='ltr'>per</span> <span class='ocrx_word' id='word_1_217' title='bbox 885 2233 1114 2288; x_wconf 79' lang='lat' dir='ltr'>publicum</span> <span class='ocrx_word' id='word_1_218' title='bbox 1156 2232 1525 2278; x_wconf 78' lang='lat' dir='ltr'>instrumentum,</span> <span class='ocrx_word' id='word_1_219' title='bbox 1566 2231 1684 2286; x_wconf 84' lang='lat' dir='ltr'>quod</span> 
     </span>
     <span class='ocr_line' id='line_1_28' title="bbox 135 2302 1685 2363; baseline -0.003 -14"><span class='ocrx_word' id='word_1_220' title='bbox 135 2307 281 2351; x_wconf 78' lang='lat' dir='ltr'>lacere</span> <span class='ocrx_word' id='word_1_221' title='bbox 312 2308 459 2363; x_wconf 89' lang='lat' dir='ltr'>potuit</span> <span class='ocrx_word' id='word_1_222' title='bbox 479 2310 523 2349; x_wconf 88' lang='lat' dir='ltr'>et</span> <span class='ocrx_word' id='word_1_223' title='bbox 549 2306 705 2348; x_wconf 78' lang='lat' dir='ltr'>debuit</span> <span class='ocrx_word' id='word_1_224' title='bbox 744 2305 888 2347; x_wconf 75' lang='lat' dir='ltr'>(lictus</span> <span class='ocrx_word' id='word_1_225' title='bbox 912 2307 1067 2350; x_wconf 75' lang='lat' dir='ltr'>rector,</span> <span class='ocrx_word' id='word_1_226' title='bbox 1101 2306 1232 2358; x_wconf 91' lang='lat' dir='ltr'>prout</span> <span class='ocrx_word' id='word_1_227' title='bbox 1276 2316 1331 2343; x_wconf 84' lang='lat' dir='ltr'>ex</span> <span class='ocrx_word' id='word_1_228' title='bbox 1355 2306 1507 2344; x_wconf 86' lang='lat' dir='ltr'>tenore</span> <span class='ocrx_word' id='word_1_229' title='bbox 1547 2302 1685 2344; x_wconf 83' lang='lat' dir='ltr'>dicta-</span> 
     </span>
     <span class='ocr_line' id='line_1_29' title="bbox 136 2377 882 2433; baseline -0.007 -13"><span class='ocrx_word' id='word_1_230' title='bbox 136 2391 236 2420; x_wconf 89' lang='lat' dir='ltr'>rum</span> <span class='ocrx_word' id='word_1_231' title='bbox 259 2378 510 2421; x_wconf 84' lang='lat' dir='ltr'>litterarum</span> <span class='ocrx_word' id='word_1_232' title='bbox 540 2377 716 2433; x_wconf 85' lang='lat' dir='ltr'>plenius</span> <span class='ocrx_word' id='word_1_233' title='bbox 747 2378 882 2431; x_wconf 81' lang='lat' dir='ltr'>patet.</span> 
     </span>
    </p>

    <p class='ocr_par' dir='ltr' id='par_1_5' title="bbox 135 2443 1687 3002">
     <span class='ocr_line' id='line_1_30' title="bbox 196 2443 1684 2505; baseline -0.005 -13"><span class='ocrx_word' id='word_1_234' title='bbox 196 2450 384 2505; x_wconf 82' lang='lat' dir='ltr'>Propter</span> <span class='ocrx_word' id='word_1_235' title='bbox 409 2463 496 2504; x_wconf 85' lang='lat' dir='ltr'>que</span> <span class='ocrx_word' id='word_1_236' title='bbox 523 2451 693 2490; x_wconf 81' lang='lat' dir='ltr'>constat</span> <span class='ocrx_word' id='word_1_237' title='bbox 729 2447 848 2501; x_wconf 82' lang='lat' dir='ltr'>quod</span> <span class='ocrx_word' id='word_1_238' title='bbox 879 2445 1092 2501; x_wconf 82' lang='lat' dir='ltr'>predicta.</span> <span class='ocrx_word' id='word_1_239' title='bbox 1144 2458 1222 2499; x_wconf 87' lang='lat' dir='ltr'>per</span> <span class='ocrx_word' id='word_1_240' title='bbox 1261 2443 1429 2485; x_wconf 84' lang='lat' dir='ltr'>dictum</span> <span class='ocrx_word' id='word_1_241' title='bbox 1470 2447 1684 2486; x_wconf 88' lang='lat' dir='ltr'>rectorem</span> 
     </span>
     <span class='ocr_line' id='line_1_31' title="bbox 136 2514 1687 2570; baseline -0.004 -9"><span class='ocrx_word' id='word_1_242' title='bbox 136 2520 253 2564; x_wconf 77' lang='lat' dir='ltr'>lacta</span> <span class='ocrx_word' id='word_1_243' title='bbox 278 2524 321 2564; x_wconf 88' lang='lat' dir='ltr'>et</span> <span class='ocrx_word' id='word_1_244' title='bbox 342 2524 546 2567; x_wconf 74' lang='lat' dir='ltr'>executa,</span> <span class='ocrx_word' id='word_1_245' title='bbox 572 2519 735 2561; x_wconf 81' lang='lat' dir='ltr'>debent</span> <span class='ocrx_word' id='word_1_246' title='bbox 766 2518 808 2558; x_wconf 93' lang='lat' dir='ltr'>in</span> <span class='ocrx_word' id='word_1_247' title='bbox 831 2531 912 2559; x_wconf 80' lang='lat' dir='ltr'>suo</span> <span class='ocrx_word' id='word_1_248' title='bbox 942 2516 1097 2557; x_wconf 76' lang='lat' dir='ltr'>robore</span> <span class='ocrx_word' id='word_1_249' title='bbox 1121 2528 1387 2570; x_wconf 82' lang='lat' dir='ltr'>permanere</span> <span class='ocrx_word' id='word_1_250' title='bbox 1402 2517 1447 2556; x_wconf 88' lang='lat' dir='ltr'>et</span> <span class='ocrx_word' id='word_1_251' title='bbox 1467 2514 1687 2556; x_wconf 85' lang='lat' dir='ltr'>nullathe-</span> 
     </span>
     <span class='ocr_line' id='line_1_32' title="bbox 140 2585 1686 2647; baseline -0.005 -13"><span class='ocrx_word' id='word_1_252' title='bbox 140 2605 227 2635; x_wconf 90' lang='lat' dir='ltr'>nus</span> <span class='ocrx_word' id='word_1_253' title='bbox 254 2591 469 2635; x_wconf 71' lang='lat' dir='ltr'>revocari:</span> <span class='ocrx_word' id='word_1_254' title='bbox 500 2591 619 2647; x_wconf 80' lang='lat' dir='ltr'>quod</span> <span class='ocrx_word' id='word_1_255' title='bbox 653 2590 779 2645; x_wconf 83' lang='lat' dir='ltr'>plura</span> <span class='ocrx_word' id='word_1_256' title='bbox 801 2588 938 2629; x_wconf 76' lang='lat' dir='ltr'>eriam</span> <span class='ocrx_word' id='word_1_257' title='bbox 970 2586 1005 2628; x_wconf 85' lang='lat' dir='ltr'>si</span> <span class='ocrx_word' id='word_1_258' title='bbox 1035 2585 1357 2641; x_wconf 73' lang='lat' dir='ltr'>reperirentur,</span> <span class='ocrx_word' id='word_1_259' title='bbox 1388 2585 1507 2640; x_wconf 83' lang='lat' dir='ltr'>quod</span> <span class='ocrx_word' id='word_1_260' title='bbox 1536 2588 1686 2627; x_wconf 84' lang='lat' dir='ltr'>tamen</span> 
     </span>
     <span class='ocr_line' id='line_1_33' title="bbox 139 2655 1684 2714; baseline -0.005 -10"><span class='ocrx_word' id='word_1_261' title='bbox 139 2675 228 2706; x_wconf 89' lang='lat' dir='ltr'>non</span> <span class='ocrx_word' id='word_1_262' title='bbox 254 2663 442 2706; x_wconf 86' lang='lat' dir='ltr'>credunt</span> <span class='ocrx_word' id='word_1_263' title='bbox 468 2661 573 2704; x_wconf 86' lang='lat' dir='ltr'>dicti</span> <span class='ocrx_word' id='word_1_264' title='bbox 603 2659 776 2703; x_wconf 58' lang='lat' dir='ltr'>simmei.</span> <span class='ocrx_word' id='word_1_265' title='bbox 807 2658 926 2714; x_wconf 74' lang='lat' dir='ltr'>quod</span> <span class='ocrx_word' id='word_1_266' title='bbox 956 2657 1100 2699; x_wconf 83' lang='lat' dir='ltr'>dictus</span> <span class='ocrx_word' id='word_1_267' title='bbox 1143 2660 1284 2698; x_wconf 86' lang='lat' dir='ltr'>rector</span> <span class='ocrx_word' id='word_1_268' title='bbox 1333 2656 1483 2711; x_wconf 82' lang='lat' dir='ltr'>aliqua</span> <span class='ocrx_word' id='word_1_269' title='bbox 1535 2655 1684 2698; x_wconf 77' lang='lat' dir='ltr'>fecerit</span> 
     </span>
     <span class='ocr_line' id='line_1_34' title="bbox 136 2727 1687 2787; baseline -0.005 -12"><span class='ocrx_word' id='word_1_270' title='bbox 136 2746 216 2776; x_wconf 86' lang='lat' dir='ltr'>seu</span> <span class='ocrx_word' id='word_1_271' title='bbox 243 2733 341 2776; x_wconf 81' lang='lat' dir='ltr'>fieri</span> <span class='ocrx_word' id='word_1_272' title='bbox 370 2734 532 2776; x_wconf 79' lang='lat' dir='ltr'>fecerat</span> <span class='ocrx_word' id='word_1_273' title='bbox 555 2734 598 2774; x_wconf 94' lang='lat' dir='ltr'>in</span> <span class='ocrx_word' id='word_1_274' title='bbox 621 2730 846 2787; x_wconf 74' lang='lat' dir='ltr'>predictis,</span> <span class='ocrx_word' id='word_1_275' title='bbox 878 2742 957 2770; x_wconf 80' lang='lat' dir='ltr'>scu</span> <span class='ocrx_word' id='word_1_276' title='bbox 987 2727 1233 2783; x_wconf 83' lang='lat' dir='ltr'>preceperit</span> <span class='ocrx_word' id='word_1_277' title='bbox 1261 2727 1378 2768; x_wconf 89' lang='lat' dir='ltr'>ultra</span> <span class='ocrx_word' id='word_1_278' title='bbox 1405 2740 1485 2768; x_wconf 82' lang='lat' dir='ltr'>seu</span> <span class='ocrx_word' id='word_1_279' title='bbox 1520 2729 1687 2782; x_wconf 87' lang='lat' dir='ltr'>preter-</span> 
     </span>
     <span class='ocr_line' id='line_1_35' title="bbox 137 2798 1685 2860; baseline -0.006 -12"><span class='ocrx_word' id='word_1_280' title='bbox 137 2817 274 2860; x_wconf 74' lang='lat' dir='ltr'>quam</span> <span class='ocrx_word' id='word_1_281' title='bbox 327 2804 568 2859; x_wconf 83' lang='lat' dir='ltr'>recepisset</span> <span class='ocrx_word' id='word_1_282' title='bbox 598 2803 641 2844; x_wconf 91' lang='lat' dir='ltr'>in</span> <span class='ocrx_word' id='word_1_283' title='bbox 672 2799 897 2843; x_wconf 71' lang='lat' dir='ltr'>mandatis</span> <span class='ocrx_word' id='word_1_284' title='bbox 927 2798 1193 2853; x_wconf 81' lang='lat' dir='ltr'>perlitteras</span> <span class='ocrx_word' id='word_1_285' title='bbox 1218 2801 1507 2844; x_wconf 82' lang='lat' dir='ltr'>memoratas,</span> <span class='ocrx_word' id='word_1_286' title='bbox 1536 2800 1685 2839; x_wconf 87' lang='lat' dir='ltr'>tamen</span> 
     </span>
     <span class='ocr_line' id='line_1_36' title="bbox 135 2866 1683 2928; baseline -0.007 -11"><span class='ocrx_word' id='word_1_287' title='bbox 135 2875 290 2917; x_wconf 87' lang='lat' dir='ltr'>dicunt</span> <span class='ocrx_word' id='word_1_288' title='bbox 316 2866 422 2917; x_wconf 87' lang='lat' dir='ltr'>dicti</span> <span class='ocrx_word' id='word_1_289' title='bbox 450 2873 608 2917; x_wconf 75' lang='lat' dir='ltr'>sindici</span> <span class='ocrx_word' id='word_1_290' title='bbox 635 2872 755 2928; x_wconf 83' lang='lat' dir='ltr'>quod</span> <span class='ocrx_word' id='word_1_291' title='bbox 783 2871 901 2912; x_wconf 81' lang='lat' dir='ltr'>dicto</span> <span class='ocrx_word' id='word_1_292' title='bbox 931 2870 1086 2911; x_wconf 84' lang='lat' dir='ltr'>rectori</span> <span class='ocrx_word' id='word_1_293' title='bbox 1115 2869 1196 2910; x_wconf 78' lang='lat' dir='ltr'>luit</span> <span class='ocrx_word' id='word_1_294' title='bbox 1224 2869 1395 2910; x_wconf 91' lang='lat' dir='ltr'>licitum</span> <span class='ocrx_word' id='word_1_295' title='bbox 1417 2882 1473 2910; x_wconf 85' lang='lat' dir='ltr'>cx</span> <span class='ocrx_word' id='word_1_296' title='bbox 1501 2867 1569 2909; x_wconf 77' lang='lat' dir='ltr'>his</span> <span class='ocrx_word' id='word_1_297' title='bbox 1597 2881 1683 2921; x_wconf 78' lang='lat' dir='ltr'>que</span> 
     </span>
     <span class='ocr_line' id='line_1_37' title="bbox 138 2948 390 3002; baseline 0.004 -15"><span class='ocrx_word' id='word_1_298' title='bbox 138 2948 390 3002; x_wconf 87' lang='lat' dir='ltr'>sequuntur</span> 
     </span>
    </p>

    <p class='ocr_par' dir='ltr' id='par_1_6' title="bbox 194 3007 1686 3071">
     <span class='ocr_line' id='line_1_38' title="bbox 194 3007 1686 3071; baseline -0.007 -12"><span class='ocrx_word' id='word_1_299' title='bbox 194 3016 370 3063; x_wconf 92' lang='lat' dir='ltr'>Dicunt,</span> <span class='ocrx_word' id='word_1_300' title='bbox 427 3017 628 3071; x_wconf 84' lang='lat' dir='ltr'>inquam,</span> <span class='ocrx_word' id='word_1_301' title='bbox 668 3013 786 3068; x_wconf 83' lang='lat' dir='ltr'>quod</span> <span class='ocrx_word' id='word_1_302' title='bbox 828 3011 1027 3066; x_wconf 75' lang='lat' dir='ltr'>predicta</span> <span class='ocrx_word' id='word_1_303' title='bbox 1052 3009 1331 3065; x_wconf 79' lang='lat' dir='ltr'>gravamina,</span> <span class='ocrx_word' id='word_1_304' title='bbox 1383 3009 1506 3051; x_wconf 86' lang='lat' dir='ltr'>illata</span> <span class='ocrx_word' id='word_1_305' title='bbox 1557 3007 1686 3049; x_wconf 83' lang='lat' dir='ltr'>dictis</span> 
     </span>
    </p>
   </div>
  </div>
 </body>
</html>
