2107 3404
729 283 980 326 -155—

76 401 160 443 per
183 401 323 444 quam
348 388 440 430 itur
465 389 521 431 de
565 390 729 432 Sancto
755 381 957 432 ,iohanne
986 390 1042 432 de
1092 390 1287 434 Vedacio
1337 390 1395 435 ad
1446 404 1637 450 verque-

81 457 196 500 riam
224 458 282 502 de
309 458 574 508 Tortozello;

143 527 189 570 Et
221 529 435 585 quicquid
479 528 737 572 continetur
761 529 877 572 iufra
927 531 1151 586 predictas
1201 530 1541 576 affrontationes
1593 535 1637 576 et

79 597 374 643 limitationes
400 599 507 643 ville
535 599 733 656 predicto
763 600 916 644 Sancti
958 601 1176 645 Johanuis
1203 605 1247 645 et
1271 602 1551 658 gari-{garum
1580 603 1634 646 de

78 669 247 719 Noalis,
273 669 362 713 sint
388 673 505 714 terre
527 672 643 714 culte
665 671 737 713 vel
759 671 942 719 inculte,
963 676 1041 714 aut
1068 673 1266 728 plantate
1294 674 1366 716 vel
1396 688 1482 716 non
1511 675 1637 730 plan-

79 742 185 787 tate,
215 740 273 784 sit
299 743 341 782 et
367 744 450 790 est,
481 745 525 784 et.
550 742 757 797 pertinet.
789 755 839 784 ae
866 743 1000 785 debet
1046 744 1270 799 pertinere
1298 744 1355 786 ad
1398 744 1636 789 dominum

79 823 232 866 regem
261 812 498 855 dominum
526 813 939 868 Montispessulani.
972 817 1015 855 et
1042 814 1138 869 ejus
1186 828 1465 858 successores
1493 817 1637 859 dom}-

76 895 160 925 nos
187 883 604 938 Montispessulani‚
659 896 758 926 cum
788 884 913 927 omni
962 884 1286 939 jurisdictione,
1341 899 1391 928 ae
1421 900 1543 930 mei-o
1596 891 1638 929 ot

77 952 222 996 mixto
248 952 454 1009 imperio:

135 1023 228 1067 Hoc
253 1027 440 1081 excepto
467 1026 588 1081 quod
615 1040 642 1069 a
671 1027 862 1070 termino
889 1027 1159 1083 supradicto,
1188 1028 1334 1083 posito
1380 1043 1517 1084 prope
1548 1029 1638 1080 die,-

75 1108 174 1148 tum
195 1107 439 1151 Petronum
461 1108 614 1152 Sancti
632 1109 867 1158 Johannis,
893 1123 1039 1166 usque
1060 1110 1117 1152 ad
1146 1111 1360 1154 ultimum
1389 1112 1639 1155 terminum

77 1177 276 1233 positum
302 1178 349 1220 in
375 1178 474 1234 ripa
493 1180 626 1223 vinee
670 1180 916 1222 Raimundi
959 1180 1156 1226 Martini,
1188 1181 1232 1222 in
1281 1182 1352 1223 via
1380 1197 1466 1238 que
1514 1184 1640 1225 vadit

75 1247 134 1290 ad
160 1247 328 1291 dictam
354 1249 660 1304 verqueriam,
687 1250 918 1293 redeundo
946 1251 1113 1292 exinde
1143 1265 1223 1306 per
1251 1253 1374 1294 viam
1403 1267 1489 1308 que
1520 1257 1640 1296 tran-

76 1317 135 1360 sit
155 1320 285 1361 extra
308 1322 353 1362 et
371 1319 484 1363 citra
503 1320 671 1363 dictam
694 1321 864 1364 villam.
891 1324 934 1363 et
956 1335 1014 1363 ex
1042 1325 1167 1376 parte
1191 1322 1374 1364 Tem-alli
1406 1328 1639 1378 quantum

76 1388 343 1438 continetur;
374 1393 419 1433 et
445 1391 610 1433 exinde
637 1404 782 1447 usque
809 1391 868 1434 ad
893 1392 1113 1435 terminos
1141 1394 1309 1447 positos
1356 1410 1509 1437 tersus
1537 1396 1640 1438 Ter-

77 1459 257 1508 rallum,
281 1463 415 1517 prout
441 1475 578 1517 supra
603 1462 870 1511 continetur,
918 1462 1116 1505 habeant
1140 1462 1500 1518 juiisdictionem
1546 1467 1639 1521 ple-

77 1529 266 1577 nariam,
299 1544 475 1574 merum
498 1535 541 1574 et
570 1532 766 1575 mixtum
808 1533 1075 1589 imperium,
1106 1533 1255 1575 eidem
1307 1535 1544 1592 episeopus
1596 1539 1641 1580 et

77 1600 148 1643 sui
175 1614 470 1649 successores,
502 1603 548 1644 in
575 1603 788 1646 omnibus
816 1604 1093 1652 homiuibus,
1120 1605 1198 1660 qui
1219 1605 1283 1646 ibi
1310 1607 1634 1656 commiserint,

74 1672 277 1727 exceptis
303 1670 566 1716 Hominibus
591 1673 915 1729 jurisdictionis
955 1677 1000 1716 et
1045 1675 1273 1718 districtus
1301 1676 1473 1719 domini
1500 1679 1634 1734 regis,

78 1741 251 1784 domini
276 1743 698 1800 Montispessulani,
730 1748 774 1787 et
800 1743 987 1787 suorum
1029 1757 1356 1790 successorum:
1390 1748 1445 1790 de
1473 1750 1640 1804 quibus

77 1815 249 1868 spectet
273 1813 525 1870 jurisdictio
551 1815 831 1863 omnimoda,
862 1828 966 1858 cum
994 1829 1120 1858 mero
1159 1820 1202 1859 et
1229 1818 1374 1860 mixto
1427 1819 1636 1875 imperio,

75 1883 134 1926 ad
160 1883 398 1926 domiuum
425 1898 592 1939 regem,
643 1885 882 1928 dominum
928 1886 1344 1942 Montispessulani.
1377 1892 1420 1930 et
1465 1902 1640 1933 succes-

76 1967 200 1997 sores
227 1967 348 2003 suos‚
379 1955 588 1998 dominos
615 1956 1040 2012 Montispessulani:
1402 1942 1413 1955 ¹

135 2024 335 2081 Excepto
360 2028 530 2074 tamen,
556 2026 679 2083 quod
706 2026 753 2068 in
779 2025 1061 2083 quibuslibet
1090 2026 1152 2070 ibi
1174 2028 1563 2085 delinquentibus,
1593 2033 1641 2074 in

76 2095 251 2138 familia
277 2095 450 2139 domini
470 2097 685 2153 episcopi,
711 2100 883 2152 spectet
908 2097 1102 2152 cognitio
1131 2101 1174 2141 et
1203 2100 1375 2154 punitio
1402 2102 1459 2144 ad
1486 2103 1639 2158 ipsum

78 2165 359 2222 episcopum,
389 2169 434 2209 et
459 2180 565 2210 suos
593 2180 888 2216 successores;

135 2237 188 2279 Et
223 2237 421 2279 habeant
447 2237 585 2281 ctiam
637 2238 808 2280 ibidem
854 2239 1058 2281 bannum
1086 2242 1129 2281 et
1157 2241 1294 2283 banni
1324 2243 1639 2288 cohereionem

75 2307 120 2349 in
166 2307 446 2363 quibuslibet
472 2308 746 2356 hominibus,
790 2309 990 2364 exceptis
1043 2310 1307 2354 hominibus
1369 2314 1522 2356 Sancti
1565 2317 1587 2358 J
1594 2332 1639 2359 o-

75 2378 237 2421 hannis
268 2378 555 2434 presentibus
583 2381 623 2420 et
653 2379 832 2427 tuturis,
864 2382 908 2422 et
933 2379 1056 2422 idem
1084 2381 1299 2424 dominus
1327 2384 1567 2441 episcopus
1594 2391 1640 2430 ct

79 2448 150 2491 sui
177 2461 472 2498 successores;

137 2519 281 2570 Quam
308 2519 464 2562 villam
505 2519 656 2562 Sancti
682 2520 917 2568 Johannis,
947 2523 992 2563 et
1037 2522 1327 2573 territorium,
1359 2528 1403 2568 et
1436 2529 1638 2584 gai-rigas

76 2590 131 2632 de
172 2590 325 2632 Noalis
352 2603 455 2632 eum
483 2591 697 2633 omnibus
742 2590 1144 2646 jurisdictionibus,
1176 2596 1219 2635 et
1245 2596 1480 2640 territoriis
1526 2601 1635 2647 suis,

76 2663 126 2702 ut
149 2660 320 2702 dictum
348 2664 429 2706 est,
464 2661 730 2705 terminatis:
762 2664 805 2702 et
851 2661 1066 2716 quiequid
1091 2662 1203 2718 juris
1231 2668 1274 2707 et
1316 2666 1638 2722 jurisdictionis

76 2730 248 2773 ibidem
268 2730 511 2780 habebant,
537 2735 581 2774 et
601 2731 767 2774 habere
795 2735 1004 2786 poterant
1030 2747 1112 2775 seu
1141 2735 1371 2779 debebant
1395 2740 1637 2797 c[)isc.)pus

10 2822 17 2844 τ
75 2802 121 2843 et
145 2801 418 2856 prepositus,
445 2805 489 2844 et
514 2801 714 2844 Ecclesia
739 2802 1090 2857 Magalonensis‚
1114 2811 1347 2850 cesserunt
1373 2812 1416 2850 et
1443 2811 1633 2856 diffinie-

12 2903 16 2906 .
76 2874 182 2913 runt
230 2871 574 2928 imperpetuum
604 2872 744 2914 iidem
771 2873 1012 2927 episeopus
1040 2876 1084 2915 et
1110 2877 1396 2931 prepositus,
1424 2884 1467 2922 et
1494 2883 1640 2926 Eccle-

77 2941 145 2984 sia
182 2941 518 2996 Magalonensis
571 2942 690 2985 dicto
717 2942 902 2988 domino
929 2943 1038 2998 regi,
1070 2947 1114 2987 et
1158 2946 1255 3003 eJus
1305 2953 1640 2998 successoribus
