2107 3404
734 231 982 275 ——239—

495 476 754 524 nccxmx.
788 503 843 512 -
865 477 924 525 28
948 455 1231 538 juillet1276

126 630 379 668 Raimond
405 630 465 669 de
485 630 534 668 la
565 599 831 678 Roiauette,
871 631 1103 679 seigneur
1123 630 1182 669 de
1219 629 1437 679 Figat-et,
1469 640 1643 670 recon-

79 689 186 727 nait
202 690 334 734 tenir
353 689 413 727 de
431 689 650 737 uvaque
668 690 715 727 le
735 690 947 729 chateau
967 691 1027 729 de
1047 689 1266 739 Figaret.

141 817 444 887 Notum⁶sit...
475 832 597 889 quod
643 846 724 888 ego
752 831 1036 876 Raimundus
1062 833 1118 877 de
1162 833 1380 890 Roqueta,
1429 832 1643 878 dominus

81 903 137 946 de
155 903 385 959 ἣξει-610,
406 903 528 946 filius
549 904 783 960 quondam
806 904 959 957 Poncii
985 904 1041 946 de
1068 905 1343 961 Requeta,...
1376 906 1643 960 recognosco

81 974 229 1023 vobis,
260 974 444 1017 domino
471 974 712 1017 Guillelmo
752 974 930 1017 Fredoli
958 974 1104 1023 militi,
1138 975 1410 1029 vicegerenti
1461 987 1541 1030 pro
1576 988 1644 1016 re-
1708 999 1711 1002 -

80 1045 281 1087 verendo
331 1047 458 1101 patre
486 1045 672 1088 domino
700 1045 983 1101 Berengario,
1032 1045 1112 1088 Dei
1139 1046 1283 1101 gratia
1332 1045 1645 1101 Magalonensi

84 1115 312 1171 episcopo,
363 1116 536 1171 petenti
562 1119 606 1158 et
632 1115 868 1172 recipienti
914 1130 995 1172 pro
1021 1116 1136 1173 ipso,
1167 1129 1241 1159 me
1269 1119 1313 1159 et
1362 1129 1645 1159 successores

84 1199 210 1229 meos
236 1200 263 1229 a
290 1186 424 1229 modo
451 1190 605 1230 tenere
632 1190 677 1230 et
727 1187 974 1244 possidere,
1005 1177 1190 1231 nemine
1217 1187 1324 1230 dieti
1351 1187 1525 1231 domini
1551 1187 1646 1243 epi-

77 1257 219 1312 scopi,
264 1259 309 1300 et
337 1270 523 1299 suorum
551 1270 877 1305 suceessorum,
931 1257 1285 1314 imperpetuum,
1323 1258 1478 1301 omnia
1527 1258 1645 1300 bona

81 1340 185 1369 mea
210 1340 299 1383 que
320 1327 467 1369 habeo
488 1327 534 1368 in
561 1327 797 1382 parrochia
824 1328 976 1370 Sancti
1015 1327 1246 1370 Michaelis
1274 1328 1329 1370 (16
1362 1320 1658 1382 Αὲιιῑειῐιίοἰε,Ἴ

81 1397 298 1440 videlicet
331 1396 599 1440 fortaliciam
627 1400 671 1440 et
699 1397 1003 1440 municionem
1030 1398 1085 1440 de
1107 1398 1325 1452 Figareto,
1357 1399 1454 1452 (etc.
1485 1411 1654 1440 comme

5 1472 17 1479 ·’
78 1481 142 1510 aa
184 1475 231 1510 πο
252 1467 356 1517 684,
387 1482 435 1525 p.
470 1467 541 1514 76,
566 1467 780 1526 jasqzc'd)
802 1468 1068 1524 homagium
1094 1467 1320 1512 faciendo.

16 1861 34 1889 J

141 1609 336 1666 ideoque
363 1622 461 1664 ego,
492 1609 722 1665 predictus
749 1609 1020 1653 Gu‘llelmus
1063 1596 1241 1653 Frcdoli
1269 1609 1415 1657 miles,
1457 1609 1653 1653 vicarius

71 1677 258 1722 domini
281 1679 480 1736 episcopi
502 1680 728 1727 antedicti,
764 1680 1011 1736 predictam
1051 1681 1402 1736 recognitionem
1429 1681 1652 1737 recipiens

46 1751 264 1807 *nomine
292 1750 465 1793 domini
501 1750 700 1807 episcopi
741 1751 993 1799 memorali,
1026 1751 1273 1807 pred'ctum
1304 1751 1505 1799 famarm,
1540 1757 1646 1794 stcui>

81 1822 290 1877 superius
315 1822 582 1870 continetur,
615 1824 659 1864 61
684 1821 854 1865 dictum
905 1822 1053 1864 locum
1080 1822 1134 1864 de
1162 1822 1367 1877 Figareto
1410 1836 1513 1865 cum
1566 1822 1655 1864 fer-

4 1933 16 1943 ,
39 1922 42 1925 «
83 1892 246 1937 1311613.
285 1896 328 1934 et
354 1893 626 1940 municione,
658 1895 701 1935 et
727 1893 941 1936 omnibus
969 1896 1012 1936 et
1038 1893 1228 1948 singulis
1253 1893 1548 1949 supradictis,
1573 1892 1656 1935 tibi

14 1967 39 2017 *ζ
82 1962 339 2006 Raimundo
383 1963 438 2006 de
467 1962 671 2020 Requeta
717 1967 762 2006 et
787 1963 892 2010 tuis,
922 1964 1058 2006 laudo
1109 1964 1460 2019 imperpetuum,
1491 1967 1536 2006 61
1579 1977 1657 2019 ap-

30 2090 34 2094 .
83 2034 225 2090 probo
252 2037 297 2077 et
321 2033 558 2082 confirmo,
590 2038 638 2076 ut
663 2035 775 2078 alias
804 2048 884 2090 per
909 2035 1080 2077 dictum
1122 2034 1363 2077 (lominum
1391 2035 1653 2091 episcopum

31 2150 35 2155 ,
81 2103 247 2147 Poncio
273 2104 330 2147 de
358 2105 575 2162 Riqueta,
608 2105 725 2161 patri
762 2109 852 2153 tuo,
903 2106 1137 2148 laudatum
1165 2106 1418 2161 predictum
1466 2105 1653 2148 feudum

82 2174 243 2222 luerat,
277 2188 330 2218 ac
356 2175 492 2219 etiam
521 2175 857 2225 confirmatum,
893 2176 977 2219 suh
1003 2175 1151 2219 forma
1179 2179 1223 2218 61
1249 2176 1384 2219 modo
1429 2175 1651 2219 contentis

81 2244 131 2288 in
156 2246 356 2302 quodam
392 2246 573 2302 publico
599 2246 919 2295 instrumento,
951 2246 1153 2290 confecto
1180 2259 1316 2289 manu
1346 2246 1533 2289 Duranti
1557 2246 1651 2289 Ma-

30 2335 55 2365 ‚·
83 2315 190 2370 thei,
223 2317 392 2373 publici
420 2317 581 2359 notarii
609 2317 782 2360 domini
812 2317 1148 2372 Magalonensis
1175 2317 1390 2372 episcopi.

23 2490 53 2504 ‘N

46 2519 57 2531 μ

42 2656 63 2670 11

48 2695 55 2702 ι

143 2457 249 2500 Post
270 2457 352 2513 hec
384 2437 696 2506 incontinenti,
723 2458 868 2501 dictus
895 2458 1183 2500 Raimuudus
1213 2458 1408 2513 prestitit
1434 2456 1559 2500 dicto'
1581 2457 1659 2500 do-

29 2543 48 2566 .·
87 2527 210 2570 mino
235 2528 306 2577 G..
362 2528 595 2584 recipienti
624 2542 705 2584 pro
756 2529 876 2571 dicto
927 2529 1113 2571 domino
1141 2529 1369 2584 episcopo,
1421 2528 1652 2584 juramen-

85 2599 183 2640 tum
234 2598 481 2647 fidelitatis,
537 2613 709 2654 ponens
760 2612 923 2642 manus
951 2612 1056 2642 suas
1107 2599 1223 2641 iuter
1263 2611 1423 2642 manus
1469 2599 1657 2655 predicti

87 2667 260 2712 domini
285 2669 532 2718 Guillelmi;
569 2669 648 2725 qui
675 2670 821 2712 dictus
860 2670 1073 2712 dominus
1101 2669 1371 2712 Guillelmus
1422 2670 1652 2712 osculatus

75 2735 175 2781 suit
200 2739 370 2782 dictum
393 2739 723 2782 Raimundum.
1120 2728 1132 2738 ⁶
1163 2783 1171 2795 s

145 2808 199 2851 Et
224 2823 304 2865 per
330 2810 427 2859 hoc,
481 2810 626 2853 dictus
665 2810 947 2853 Raimundus
991 2810 1096 2853 lecit
1146 2811 1410 2865 homagium
1457 2811 1656 2867 predicto

88 2877 273 2922 domino
300 2879 556 2929 Guillelmo,
586 2881 816 2936 recipienti
866 2895 946 2936 pro
974 2882 1094 2923 dicto
1123 2882 1306 2923 domino
1353 2882 1581 2936 episcopo,
1613 2885 1660 2923 et

40 2960 72 3002 vj?
