2205 3299
1159 132 1409 176 0¹92-

506 242 596 286 tuis
623 243 757 291 dono,
787 255 877 285 non
903 241 1108 296 obligans
1130 237 1236 283 inde
1263 252 1336 282 me
1363 241 1420 283 de
1447 239 1690 284 eviccione.

562 315 773 356 Preterea
791 326 950 356 omnes
976 311 1163 355 omnino
1189 310 1463 360 occasiones,
1495 310 1759 367 peticiones,
1789 309 2072 367 prosecutio-

503 398 601 433 nes,
626 383 924 432 detentiones,
949 383 1240 438 exceptiones
1266 382 1410 425 reales
1437 385 1481 424 et
1506 382 1783 437 personales,
1809 383 1854 424 et
1880 380 2063 430 mixtas,

504 455 758 499 ordinarias
785 457 829 497 et
855 453 1254 501 extraordinarias,
1297 452 1469 502 civiles,
1500 453 1741 509 pretorias,
1772 452 1907 496 utiles
1933 455 1978 494 et
2002 451 2070 493 di-

501 529 664 574 rectas,
698 528 742 568 et
769 537 1083 581 quascumque
1109 523 1236 571 alias,
1268 536 1357 579 que
1378 523 1516 565 michi
1543 526 1859 580 competunt...
1902 521 2067 564 intuitu

500 596 575 639 vel
619 595 851 638 occasione
896 594 1120 637 dictarum
1163 606 1317 636 rerum
1361 593 1726 642 venditarum...,
1770 593 1849 636 tibi
1896 595 1941 635 et
1979 592 2068 634 luis

507 667 640 714 dono,
670 666 782 708 cedo
803 668 847 708 et
875 665 1061 708 mando.
1970 686 1991 708 .

561 737 733 779 Verum
759 739 807 779 tu
834 738 878 778 et
897 736 980 785 tui,
1006 738 1048 778 et
1076 735 1355 795 quicumque
1382 734 1506 790 ipsas
1534 748 1605 777 res
1632 734 1840 777 venditas
1867 733 2070 790 posside·
2127 748 2137 759 ·

501 808 623 856 bitis,
681 807 856 850 solvere
886 804 1096 863 [debetis]
1144 805 1385 850 usaticum,
1441 805 1562 860 quod
1589 806 1693 847 inde
1734 804 1831 847 dari
1858 807 1903 847 et
1952 803 2068 846 solvi

500 879 652 922 debet.
764 925 769 929 ,

556 950 609 992 Et
635 962 788 992 assero
833 947 956 1004 quod
982 947 1121 989 nichil
1156 946 1267 995 dixi,
1298 945 1398 994 feci,
1423 946 1571 988 dicam
1598 930 1672 988 {cl
1717 946 1899 994 faciam,
1957 958 2070 1003 quo-

498 1020 651 1064 minus
679 1018 926 1074 prescripta
952 1020 996 1060 et
1046 1017 1289 1074 sequencia
1315 1030 1450 1059 suum
1477 1016 1693 1059 effectum
1719 1017 1958 1060 obtineant
2001 1016 2069 1058 in-

497 1102 784 1133 concussum.

561 1161 614 1203 Et
643 1174 721 1216 pro
746 1160 959 1203 omnibus
986 1161 1031 1202 et
1057 1158 1247 1213 singulis
1286 1158 1521 1214 premissis
1549 1162 1593 1200 et
1619 1159 1933 1215 sequentibus,
1977 1173 2071 1202 ser-

498 1231 664 1274 vandis
693 1234 737 1273 et
762 1229 1083 1286 adimplendis,
1114 1229 1264 1285 obligo
1291 1229 1373 1271 tibi
1395 1232 1439 1271 et
1467 1229 1553 1271 tuis
1583 1242 1655 1272 me
1682 1232 1726 1272 et
1753 1229 1910 1285 omnia
1947 1222 2085 1273 hona

497 1316 602 1345 mea
645 1301 881 1358 presencia
907 1303 950 1343 et
976 1300 1143 1348 futura;
1174 1300 1500 1342 renuncians...
1542 1300 1800 1356 exceptioni
1845 1300 1991 1343 doli...
2024 1303 2069 1343 et

499 1373 626 1417 omni
651 1372 728 1416 alii
753 1371 842 1427 juri
868 1384 958 1429 quo
998 1373 1153 1413 contra
1178 1370 1333 1413 venire
1361 1384 1559 1426 possem;
1590 1371 1841 1427 prescripta
1866 1385 2064 1420 servare,

500 1443 728 1499 complere
755 1446 799 1485 et
824 1444 979 1485 contra
999 1455 1090 1483 non
1116 1441 1270 1491 venire
1298 1441 1529 1496 promitto,
1561 1444 1605 1483 et
1629 1441 1729 1496 juro
1756 1443 1893 1497 supc'r
1912 1446 2068 1485 sancta

494 1514 602 1557 llllor
629 1513 709 1556 Dei
736 1512 988 1568 evangelia,
1019 1525 1047 1554 a
1074 1525 1146 1554 mc
1173 1512 1466 1567 corporaliter
1494 1514 1625 1560 tacta,
1660 1512 1761 1561 tibi,
1793 1512 1916 1555 (licto
1938 1513 2065 1556 Bndo

500 1584 736 1629 Cathalani
763 1583 1016 1639 stipulanti.
1985 1569 1988 1572 ⁴

563 1727 615 1769 Et
642 1739 738 1774 nos,
770 1725 878 1768 dicti
929 1725 1121 1768 Michael
1149 1725 1203 1767 de
1233 1724 1387 1780 Capite
1414 1724 1451 1765 V
1456 1724 1599 1773 ilario,
1632 1725 1840 1775 maritus,
1872 1729 1915 1768 et
1942 1727 2067 1770 Guil-

502 1797 654 1845 lelma,
686 1799 832 1839 mater
857 1796 973 1838 dicte
1001 1796 1331 1843 Ermescendis,
1357 1796 1606 1838 asserimus
1632 1799 1676 1838 et
1701 1797 2068 1852 recognoscimus

505 1867 758 1922 predictam
803 1866 1135 1914 venditionem,
1166 1869 1210 1908 et
1259 1867 1413 1909 omnia
1440 1870 1483 1908 et
1510 1867 1690 1921 singula
1739 1869 2061 1924 suprascripta,

503 1951 602 1980 esse
624 1937 790 1980 factam
817 1939 861 1979 et
888 1936 1011 1979 faeta
1038 1937 1186 1984 moslo,
1218 1937 1405 1980 consilio
1432 1940 1476 1979 et
1502 1938 1734 1980 voluntate
1757 1953 1987 1995 expressa;
2023 1942 2067 1982 et

503 2022 558 2051 ea
582 2008 736 2050 omnia
757 2008 998 2050 laudamus
1019 2011 1064 2050 et
1083 2008 1422 2050 confirmamus.

562 2080 614 2122 Et
658 2079 845 2134 iusuper
870 2078 1087 2134 quicquid
1111 2078 1184 2134 jus
1235 2079 1474 2127 habemus,
1505 2080 1671 2122 habere
1718 2093 1963 2135 possumus
1990 2082 2065 2124 vel
2126 2100 2130 2105 ·

502 2150 723 2192 debemus
768 2149 814 2190 in
841 2149 972 2192 dictis
999 2152 1043 2192 et
1069 2149 1283 2204 predictis
1327 2151 1463 2192 rebus
1493 2150 1707 2199 venditis,
1762 2151 1932 2194 seilicet
1982 2165 2067 2207 ego

498 2220 690 2263 Michael
719 2220 888 2262 ratione
928 2219 1240 2275 hujustructus
1267 2222 1343 2276 (z
1358 2220 1662 2276 ususfructus)
1691 2222 1763 2264 vel
1790 2223 1878 2265 alio
1905 2223 2060 2274 modis,

499 2295 543 2334 et
569 2304 651 2345 ego
678 2290 934 2339 Guillelma,
965 2291 1138 2333 ratione
1166 2291 1283 2333 dotis
1331 2305 1445 2340 mee,
1476 2292 1709 2346 augmenti
1737 2293 1914 2342 dotalis,
1946 2309 2059 2350 >spo-
2124 2296 2127 2302 “

499 2361 642 2408 thece,
667 2361 818 2415 legati,
850 2364 894 2403 et
919 2375 1206 2418 quacumque
1234 2362 1325 2404 alia
1350 2362 1524 2404 ratione
1545 2365 1590 2404 et
1609 2376 1758 2412 causa,
1789 2364 1872 2406 tibi
1908 2368 1952 2407 et
1974 2366 2062 2409 tuis

499 2432 738 2478 donamus,
769 2431 973 2474 cedimus
1001 2434 1045 2473 et
1071 2433 1359 2481 mandamus3

556 2501 610 2544 Et
635 2501 955 2543 renunciamus
1006 2502 1129 2544 omni
1155 2502 1243 2557 juri
1297 2517 1389 2558 quo
1428 2506 1582 2545 eontra
1625 2504 1778 2547 venire
1805 2519 2061 2560 possemus;

495 2571 745 2629 prescripta
773 2573 940 2618 tenere,
972 2585 1156 2614 servare
1183 2575 1227 2614 et
1253 2575 1409 2614 contra
1431 2587 1518 2615 non
1546 2574 1705 2616 venire
1734 2563 2060 2630 promittimus,

499 2645 544 2685 et
562 2641 768 2697 juramus
795 2655 877 2696 per
902 2641 1019 2684 fides
1058 2645 1235 2685 nostras
1261 2643 1455 2698 plevitas
1483 2646 1526 2685 et
1547 2645 1789 2699 requisitas
1819 2647 1915 2696 tibi,
1940 2648 2062 2691 dicto

493 2712 621 2756 Bndo
647 2711 877 2755 Cathalani
920 2712 1169 2767 stipulanti.

556 2783 727 2825 Horum
759 2785 894 2824 testes
921 2786 1026 2825 sunt
1052 2784 1205 2826 Bndus
1227 2785 1282 2826 (le
1304 2785 1461 2839 Ruppe
1488 2786 1631 2828 rubea
1660 2790 1893 2836 mercator,
1925 2789 1973 2830 P.
2005 2790 2061 2832 de
2183 2805 2187 2812 ·
