2205 3299
1194 166 1221 171 ⁷—
1257 142 1338 184 1112
1368 169 1419 173 ——

515 249 718 306 aliquem
751 249 1039 297 transferent;
1072 262 1123 291 ac
1165 249 1302 291 etiam
1355 248 1624 305 promittant
1650 250 1833 304 propter
1881 249 1936 291 ea
1973 247 2101 291 dare'

509 319 698 375 singuiis
724 319 855 362 annis
882 319 1039 366 semel,
1087 332 1192 361 cum
1220 319 1387 362 Fuerint
1430 319 1639 376 requisiti
1666 320 1723 363 ab
1768 318 1982 375 episcopo
2006 317 2081 361 vel
2133 367 2137 371 ,

515 391 573 433 ab
612 389 715 439 alio,
743 389 887 446 ipsius
915 388 1149 447 [nomine]‚
1180 403 1324 432 unum
1352 403 1435 446 par
1459 390 1692 446 perdicum
1718 391 1896 432 tantum
1921 388 2072 432 eidem

507 461 734 517 episcopo,
766 464 810 503 et
836 461 930 503 suis
957 460 1306 509 successoribus,
1338 475 1418 516 pro
1445 461 1633 504 eisdem.
2100 512 2113 521 ,

535 536 538 539 '
565 531 667 574 Alia
692 545 799 573 vero
828 531 913 573 sibi
941 545 1077 586 supra
1106 535 1338 586 perventu,
1373 545 1432 574 ex
1460 532 1543 574 hac
1574 531 1815 579 divisione,
1859 529 2083 585 composi-

504 602 641 650 tione,
674 601 1372 658 5110110115110110110,(1110511111
1405 602 1523 644 ciica
1574 600 2082 656 Montempessulanum
2139 609 2147 618 ’

506 677 550 715 et
576 676 774 715 castium
802 673 1030 719 Lat-aium,
1062 686 1150 728 que
1179 673 1269 715 sint
1324 686 1589 727 recognosce
1595 673 1698 717 mla,
1730 675 1774 713 et
1824 670 2082 726 recognosci

509 744 720 790 debeant,
751 755 855 785 cnm
893 742 1020 785 100115
1066 742 1266 791 attueiit
1319 748 1713 798 recognoscantui,
1743 744 1794 784 ut
1818 741 1866 784 in
1915 741 2081 784 instru-

513 813 696 862 mentis,
727 812 855 855 factis
901 813 1022 855 inter
1072 813 1312 856 dominum
1363 812 1764 868 Montispessulani
1794 813 1839 854 et
1887 811 2084 866 Magalo-

508 897 699 927 nensem
727 883 1006 939 episcopum,
1038 884 1307 927 continetur.
2161 935 2163 938 ι

566 955 678 996 Item
706 954 791 996 fuit
816 957 968 996 actum
996 955 1251 1010 expiessiin
1279 958 1323 996 et
1349 954 1637 1001 solemnitei,
1690 953 1811 1009 quod
1839 953 2080 1009 episcopus
2130 1007 2132 1010 y
2166 988 2169 989 ν

507 1024 841 1079 Magalonensis
868 1038 1075 1080 presens,
1105 1038 1187 1067 nec
1238 1025 1512 1080 mepositus,
1547 1038 1629 1066 nec
1680 1008 1880 1066 Ecclesia
1927 1024 2081 1078 Maga·
2151 1075 2154 1084 Ι

506 1094 723 1143 lonensis,
755 1108 837 1137 nec
875 1108 1033 1137 eorum
1085 1108 1385 1144 successores,
1418 1109 1508 1138 non
1558 1095 1740 1143 faciant,
1804 1107 1887 1137 nec
1932 1094 2080 1137 facem
2141 1086 2147 1097 ’

513 1167 712 1214 valeant,
744 1179 824 1220 per
849 1179 912 1213 se,
937 1166 1013 1208 vel
1040 1166 1200 1215 alium,
1228 1165 1429 1222 aliquam
1457 1179 1627 1208 novam
1653 1164 2004 1220 recognitionem
2025 1163 2105 1208 de·

503 1236 734 1293 predictis,
753 1237 839 1278 vel
867 1236 922 1278 de
950 1236 1105 1291 aliquo
1134 1236 1462 1292 predictorum,
1495 1236 1581 1278 sihi
1621 1235 1863 1290 recognitis
1890 1238 1934 1278 et
1958 1248 2082 1278 reco-

515 1307 784 1362 gnoscendis
812 1307 945 1349 alicui
973 1320 1180 1362 persone,
1212 1321 1299 1363 que
1328 1307 1472 1363 possit
1497 1307 1668 1356 vivere,
1697 1307 1772 1349 vel
1801 1306 1929 1355 mori;
1959 1305 2080 1363 quod

511 1378 550 1420 si
577 1377 790 1425 facerent,
821 1377 944 1420 idem
972 1377 1187 1420 dominus
1213 1392 1310 1427 rex,
1348 1378 1563 1421 (lominus
1591 1377 2006 1433 R'iontispessulani,
2037 1381 2082 1418 et
2128 1360 2143 1373 ⁰

507 1448 604 1504 ejus
633 1461 930 1497 successores,
961 1448 1134 1491 domini
1162 1448 1582 1505 Montispessulani,
1613 1462 1641 1491 a
1665 1448 1923 1504 juramento
1968 1447 2082 1490 fide-

503 1519 644 1562 litatis
671 1522 715 1561 et
741 1519 1059 1573 recognitione,
1092 1522 1136 1561 et
1161 1520 1261 1563 aliis
1289 1520 1346 1562 ad
1397 1533 1485 1575 que
1515 1522 1703 1575 propter
1758 1518 1962 1574 predicta
2012 1521 2080 1560 te-

506 1592 686 1638 nentur,
717 1590 808 1632 sint
857 1589 1039 1645 penitus
1066 1590 1198 1633 liberi
1249 1593 1294 1632 et
1319 1590 1566 1639 immunes,
1619 1589 1822 1645 exeeptis
1849 1589 1936 1632 hiis
1981 1602 2078 1645 que

510 1663 616 1703 sunt
642 1661 697 1702 de
723 1660 833 1703 villa
858 1660 1259 1715 Montispessulani
1288 1664 1331 1703 et
1357 1661 1414 1703 de
1440 1660 1579 1704 Latis.

568 1732 680 1773 Item
709 1730 794 1773 luit
818 1735 970 1773 actum
1014 1731 1151 1786 quod,
1207 1731 1412 1787 quolibet
1438 1745 1572 1779 anno,
1604 1731 1650 1773 in
1703 1731 1816 1774 festo
1843 1730 1964 1773 beati
2003 1730 2076 1773 Jo-

508 1801 674 1844 hannis
700 1801 916 1857 Baptiste,
946 1815 1105 1844 omnes
1156 1802 1347 1844 curiales
1376 1802 1496 1844 curie
1523 1802 1687 1857 regalis
1740 1804 1784 1844 et
1810 1801 2080 1857 curie-epis-

506 1872 607 1927 copi
632 1871 797 1927 jurent,
824 1874 868 1914 et
892 1871 1042 1927 jurare
1068 1874 1308 1932 teneantur
1335 1886 1518 1915 servare
1541 1875 1586 1915 et
1613 1872 1750 1914 lirina
1772 1875 1926 1914 tenere
1954 1872 2071 1914 bene

509 1945 554 1984 et
603 1942 814 1990 fideliter,
846 1943 965 1985 bona
1015 1942 1123 1990 fide,
1172 1956 1332 1985 omnes
1360 1945 1404 1985 et
1453 1943 1654 1997 singulas
1705 1942 2073 1998 compositiones,

509 2013 834 2055 conventiones
856 2016 901 2054 et
927 2013 1174 2068 pactiones,
1206 2013 1347 2056 factas
1374 2013 1483 2056 olim
1510 2014 1629 2055 inter
1654 2013 1889 2056 dominum
1921 2025 2077 2067 regem

509 2086 554 2126 et
581 2083 819 2125 dominum
839 2083 1061 2126 infantem
1081 2084 1300 2126 Jacobum
1325 2083 1530 2139 ejusdem
1556 2084 1701 2126 filium
1735 2097 1795 2126 ex
1819 2097 1911 2127 una
1930 2085 2071 2140 parte,

507 2156 552 2196 et
578 2153 842 2209 episcopum
893 2154 1263 2209 Magalonensem
1291 2168 1350 2196 ex
1375 2155 1534 2203 alterm
1592 2168 1680 2210 que
1711 2157 1815 2196 111110
1867 2154 2078 2209 legantur

506 2223 697 2265 eisdem.

567 2295 643 2336 Est
670 2294 808 2336 etiam
835 2294 1069 2336 sciendum
1107 2295 1231 2351 quod
1259 2295 1314 2337 de
1342 2295 1613 2350 supradictis
1640 2296 1697 2337 ab
1724 2295 2071 2351 ulraquesspartc

507 2363 798 2419 excipiuntur
818 2365 1003 2413 usatica,
1030 2365 1264 2414 laudimia,
1289 2365 1476 2408 consilia
1495 2365 1660 2421 quarti,
1684 2365 1848 2421 quinti,
1873 2356 2068 2413 Sexse11i‚

504 2432 703 2491 o[c]teni,
736 2434 872 2477 feuda
921 2449 1001 2477 seu
1029 2436 1132 2484 alia,
1163 2437 1345 2490 alberge
1403 2435 1616 2483 militum,
1649 2435 1853 2478 hominia
1896 2437 1940 2477 et
1984 2434 2074 2477 alia

503 2504 709 2553 servicia,
741 2518 821 2546 seu
845 2504 946 2559 jura
972 2520 1059 2561 que
1088 2507 1145 2548 ad
1204 2505 1568 2561 jurisdictionem
1619 2505 1836 2561 aliquam,
1869 2519 1951 2548 seu
1979 2519 2074 2547 me-

504 2587 606 2616 rum
633 2574 706 2616 vel
736 2575 932 2616 mixtum
959 2576 1203 2630 imperium
1231 2589 1321 2618 non
1364 2576 1605 2630 pertinent:
1637 2589 1725 2632 qne
1754 2576 1941 2632 quidem
1993 2576 2073 2618 ha-

507 2645 646 2687 beant
672 2648 717 2686 et
744 2645 995 2700 percipiant
1045 2645 1248 2701 quelibet
1276 2659 1378 2701 pars
1406 2646 1451 2687 in
1502 2648 1627 2701 parte
1655 2647 1856 2695 alterius,
1887 2647 1966 2688 ubi
2016 2659 2070 2688 ea
2135 2696 2154 2705 ἵ

506 2714 674 2757 habere
696 2717 739 2756 et
766 2715 995 2770 percipere
1018 2716 1185 2758 debent
1205 2718 1249 2758 et
1268 2719 1616 2765 consueverunt,
1642 2719 1686 2758 et
1712 2717 1909 2759 habeant
1931 2716 2067 2759 etiam
2151 2707 2158 2716 ³

506 2798 661 2827 eorum
690 2785 1019 2834 001101·οἰ0110111,
1077 2789 1119 2828 01
1145 2786 1446 2841 cognitionem
1492 2789 1536 2828 et
1562 2786 1885 2829 diffinitionem
1911 2799 2067 2829 eorum
2122 2775 2123 2778 Ἴ
2150 2779 2152 2782 ’
