2107 3404
721 272 970 317 —257—

3 408 6 409 γ
73 369 294 426 Stephani
320 369 376 412 de
403 358 677 416 casavetere
708 371 752 411 et
777 367 949 411 vinulis
976 368 1031 411 de
1073 365 1377 411 Combaihoits
1407 369 1447 409 ev,
1477 363 1626 409 sanet?

0 454 23 482 ;,
70 440 329 488 Clementis,
360 438 669 482 habitantibus
691 451 771 481 seu
792 452 994 494 unquam
1015 438 1299 484 habitaturis,
1324 438 1628 492 omnibusque

58 509 170 556 *aliis
195 509 507 554 habitantibus
534 522 612 552 seu
640 508 908 552 habitaturis
935 521 1137 565 unquam
1162 508 1207 550 in
1230 506 1508 564 quibuslibet
1527 506 1632 550 aliis

0 603 6 641 3
68 581 180 625 locis
201 581 279 638 qui
301 583 406 624 sunt
425 580 481 623 de
508 580 832 622 communitate
855 580 1092 623 hominum
1114 582 1371 623 nostrorum
1394 578 1509 622 dicte
1529 576 1634 622 Val-

71 651 143 701 lis,
173 664 255 694 nec
280 664 371 694 non
395 651 478 694 tibi
503 650 746 694 Guillelmo
773 651 830 693 de
856 651 999 696 Valle,
1030 650 1204 694 notario
1230 653 1384 692 nostro
1411 652 1456 692 et
1492 647 1631 691 totius

0 712 31 763 ἓ*
73 722 195 765 curie
223 724 387 769 nostre,
419 724 469 763 ut
496 720 673 777 publice
719 733 925 775 persone
977 719 1275 776 solempniter
1324 717 1558 776 stipulanti
1586 720 1631 761 et

0 770 20 849 {n
59 791 302 848 recipienti
329 805 408 848 pro
429 785 656 838 omnibus
704 791 967 834 hominibus
1015 788 1182 834 'nostris
1210 788 1552 847 prenominatis.
1582 790 1629 833 et

0 855 9 903 ‚¹
31 905 33 908 ,
73 863 289 905 omnibus
315 862 395 918 qui
420 864 524 904 sunt
562 861 635 904 vel
680 873 885 918 unquam
912 864 1043 904 erunt
1070 861 1125 903 de
1152 860 1477 903 communitate
1509 859 1630 915 ipso-

0 917 17 1005 [ᾗ
70 946 172 976 rum
198 935 243 975 et
267 932 489 976 aliorum·
511 932 749 975 hominum
784 935 1039 975 nostrorum
1085 931 1201 974 dicte
1229 931 1385 978 Vallis,
1422 933 1634 973 natorum

0 1000 23 1092 ᾗ
70 1003 145 1065 vel
172 1003 521 1050 nascendorum,
563 1002 868 1045 habitantium
914 1015 995 1044 seu
1023 1014 1224 1058 unquam
1269 1000 1633 1043 habitaturorum

70 1073 116 1116 in
136 1073 238 1129 ipsa
268 1073 394 1115 Valle
417 1086 496 1116 seu
517 1073 625 1116 locis
647 1073 791 1129 ipsius
819 1072 1046 1128 predictis,
1078 1071 1289 1115 videlicet
1319 1069 1634 1114 immunitates

72 1157 151 1187 εει]
178 1143 408 1186 libertates
436 1144 760 1199 infrascriptas:
1042 1200 1045 1204 Ι
1394 1123 1405 1154 '

129 1214 254 1266 Quod
286 1227 534 1270 nunquam,
567 1214 748 1261 scilicet,
800 1215 1015 1270 deinceps
1046 1214 1188 1257 iidem
1240 1213 1448 1257 homines
1492 1211 1635 1255 nostri

73 1285 257 1341 predicti
287 1285 402 1328 dicte
422 1283 585 1333 Vallis,
611 1298 688 1327 seu
712 1285 935 1327 dictorum
957 1286 1174 1335 locorum,
1201 1285 1291 1328 nati
1313 1298 1394 1328 seu
1414 1281 1629 1326 nascendi
1656 1322 1659 1324 .

77 1368 154 1399 seu
182 1355 324 1410 aliqui
368 1356 648 1402 eorumdem,
681 1356 790 1398 dent
816 1356 888 1398 vel
915 1357 1022 1398 dare
1073 1358 1328 1403 teneantur,
1383 1353 1516 1397 nobis
1565 1351 1640 1395 vel

73 1428 236 1469 nostris
286 1427 621 1469 successoribus
671 1426 916 1483 aliquibus,
981 1426 1253 1469 laudimium
1303 1424 1503 1480 aliquod,
1558 1435 1639 1467 seu

14 1519 27 1529 ·
71 1496 243 1553 aliquid
272 1497 456 1540 nomine
484 1510 565 1539 seu
590 1498 823 1540 occasione
850 1497 1074 1545 laudimii,
1105 1497 1278 1539 ratione
1306 1509 1387 1538 seu
1413 1508 1470 1537 ex
1497 1506 1635 1537 causa

3 1573 18 1627 *J
74 1567 354 1610 divisionum
381 1580 462 1610 seu
489 1568 771 1623 partidarum
797 1568 1069 1623 aliquarum,
1100 1581 1190 1624 que
1217 1567 1363 1622 primo
1407 1565 1526 1607 inter
1550 1564 1639 1607 tra·-
1676 1574 1682 1578 ·

6 1640 11 1641 ⁷
79 1642 167 1682 tres
193 1638 266 1680 vel
293 1638 470 1695 aliquos
496 1639 608 1682 alios
636 1639 690 1681 de
719 1639 932 1694 predictis
978 1638 1241 1681 hominibus
1292 1636 1458 1680 nostris
1508 1635 1636 1684 fient,

12 1739 42 1752 ..
85 1721 223 1764 super
249 1708 378 1752 bonis
405 1709 605 1765 paternis
632 1710 705 1752 vel
760 1709 987 1758 maternis,
1018 1709 1091 1753 vel
1118 1708 1218 1753 aliis
1257 1708 1639 1766 quibuscumque,

77 1779 241 1823 iisdem
261 1779 523 1822 hominibus
544 1780 725 1828 nostris,
756 1783 960 1836 tempore
980 1764 1184 1837 ipshrum
1207 1778 1499 1825 divisionum,
1525 1790 1646 1821 corn-

42 1886 51 1891 -
74 1850 289 1893 munibus
315 1853 360 1893 et
385 1851 522 1893 etiam
550 1850 774 1894 indivisis.

2 1915 5 1918 ’
133 1921 244 1964 Item
271 1921 394 1978 quod
420 1921 559 1964 iidem
586 1921 795 1964 homines
841 1921 983 1965 nostri
1035 1920 1236 1977 predicti,
1287 1933 1366 1963 seu
1417 1918 1643 1962 dictorum

3 1992 289 2040 :Ulmorum
320 1992 414 2034 nati
442 1993 515 2034 vel
543 1992 775 2040 nascendi,
807 2004 1044 2048 nunquam
1071 1991 1286 2047 deinceps
1328 1990 1452 2039 dent.
1484 1990 1558 2032 vel
1584 1992 1649 2032 te-

16 2041 45 2072 ‘⁸'
75 2066 268 2106 neantur
293 2062 416 2112 dare,
446 2063 520 2106 vel
547 2064 723 2118 possint
750 2063 961 2119 compelli
988 2063 1111 2110 dare,
1143 2076 1190 2105 ει
1194 2076 1222 2104 u
1275 2061 1462 2104 reddere
1513 2059 1644 2103 nobis

76 2145 156 2176 seu
182 2133 347 2176 nostris
381 2131 718 2176 successoribus
769 2133 1012 2189 aliquibus,
1044 2134 1100 2175 de
1150 2132 1297 2175 bladis
1323 2145 1412 2189 qne
1476 2131 1649 2173 molent

39 2232 48 2238 r
75 2215 154 2246 seu
179 2203 288 2247 moli
326 2203 492 2246 facient
518 2204 565 2245 in
602 2204 881 2246 molendinis
926 2203 1107 2251 nostris,
1139 2203 1184 2244 in
1211 2202 1378 2259 quibus
1423 2201 1524 2257 ipsa
1550 2213 1646 2243 mo-

40 2263 158 2322 neri
181 2275 407 2323 tenentur,
458 2277 662 2330 tempore
689 2274 889 2330 hyemali
917 2274 990 2316 vel
1013 2273 1205 2321 estivali‚
1236 2273 1309 2315 vel
1331 2272 1419 2315 alio
1445 2271 1649 2328 quolibet

0 2343 164 2395 ¹2:2„11isi
188 2347 368 2387 tantum
411 2344 677 2387 vicesimam
720 2347 913 2400 partem,
963 2358 1043 2400 pro
1073 2346 1282 2386 moutura
1308 2343 1510 2399 ipsorum
1554 2341 1650 2385 bla-

35 2414 51 2439 ;
76 2413 251 2463 dorum,
276 2415 322 2457 in
352 2415 482 2458 dictis
520 2415 792 2458 molendinis
815 2415 980 2457 nostris
1010 2414 1341 2457 molendorum.

39 2474 60 2495 ³
134 2485 244 2528 Item
271 2486 395 2543 quod
426 2486 563 2528 iidem
594 2486 803 2528 homines
830 2486 968 2528 nostri
995 2485 1112 2527 dicte
1145 2484 1287 2527 Vallis
1314 2497 1392 2528 seu
1421 2483 1644 2527 dictorum

29 2562 66 2618 ἦ,
78 2553 292 2604 locorum,
318 2559 552 2612 presentes
577 2556 650 2599 vel
678 2555 831 2603 futuri,
863 2556 1060 2598 habeant
1087 2568 1269 2611 semper
1293 2553 1646 2615 deinceps—talia

23 2614 63 2661 'T
78 2626 277 2681 pondera
298 2627 503 2684 talesque
529 2639 781 2675 mensuras,
807 2639 910 2669 cum
937 2626 1103 2685 quibus
1130 2626 1382 2681 ponderent
1410 2638 1492 2668 seu
1520 2637 1650 2667 men-

60 2701 246 2745 aurem,
282 2697 436 2753 qualia
468 2710 547 2740 seu
575 2697 732 2752 quales
760 2697 896 2739 habet
942 2700 1140 2739 castrum
1169 2699 1374 2739 nostrum
1425 2693 1645 2751 Melgorii.

35 2764 65 2796 3
81 2770 160 2808 seu
185 2767 350 2822 quibus
379 2767 451 2810 vel
480 2767 685 2822 qualibet
711 2767 852 2809 utitur
877 2767 1032 2823 ipsum
1056 2769 1270 2809 castrum.

93 2835 192 2878 Et
216 2837 280 2880 sic
307 2837 530 2893 predictas
558 2837 872 2879 immunitates
900 2850 947 2879 ει
952 2851 977 2878 ιι
1019 2837 1203 2892 gratias,
1233 2836 1445 2879 omnibus
1471 2838 1515 2877 et
1559 2836 1651 2878 sin·

33 2899 197 2960 gulis
218 2907 479 2950 hominibus
507 2908 676 2950 nostris
698 2908 826 2962 μἐἀ
831 2908 1246 2962 ctis,1resentibus
1266 2910 1310 2948 ct
1331 2898 1508 2952 liituris.
1533 2906 1649 2948 dicte

27 2979 50 3010 ’ἐν
385 3002 388 3005 ,
480 2981 482 2984 ’
635 2988 659 2994 —

0 559 10 595 ...κ
0 486 8 542 -υυυ
0 433 8 451 v

14 1299 24 1306 .
0 1244 32 1282 ,31
0 1169 22 1235 ιιι-κ
0 1138 12 1150 ·=
