<?xml version="1.0" encoding="UTF-8"?>
<!DOCTYPE html PUBLIC "-//W3C//DTD XHTML 1.0 Transitional//EN"
    "http://www.w3.org/TR/xhtml1/DTD/xhtml1-transitional.dtd">
<html xmlns="http://www.w3.org/1999/xhtml" xml:lang="en" lang="en">
 <head>
  <title>
</title>
<meta http-equiv="Content-Type" content="text/html;charset=utf-8" />
  <meta name='ocr-system' content='tesseract 3.04.00' />
  <meta name='ocr-capabilities' content='ocr_page ocr_carea ocr_par ocr_line ocrx_word'/>
</head>
<body>
  <div class='ocr_page' id='page_1' title='image "./cartulairedemagu03cathuoft_0347.png"; bbox 0 0 2107 3404; ppageno 0'>
   <div class='ocr_carea' id='block_1_1' title="bbox 90 327 1651 1154">
    <p class='ocr_par' dir='ltr' id='par_1_1' title="bbox 90 327 1646 599">
     <span class='ocr_line' id='line_1_1' title="bbox 90 327 1642 390; baseline -0.003 -14"><span class='ocrx_word' id='word_1_1' title='bbox 90 332 240 390; x_wconf 87' lang='lat' dir='ltr'>potius</span> <span class='ocrx_word' id='word_1_2' title='bbox 266 331 324 375; x_wconf 89' lang='lat' dir='ltr'>ad</span> <span class='ocrx_word' id='word_1_3' title='bbox 350 331 434 374; x_wconf 91' lang='lat' dir='ltr'>hoc</span> <span class='ocrx_word' id='word_1_4' title='bbox 459 331 835 386; x_wconf 81' lang='lat' dir='ltr'>abtos(=aptos)‚</span> <span class='ocrx_word' id='word_1_5' title='bbox 862 330 948 373; x_wconf 86' lang='lat' dir='ltr'>nisi</span> <span class='ocrx_word' id='word_1_6' title='bbox 979 327 1129 374; x_wconf 87' lang='lat' dir='ltr'>tamen</span> <span class='ocrx_word' id='word_1_7' title='bbox 1161 332 1264 373; x_wconf 87' lang='lat' dir='ltr'>ante</span> <span class='ocrx_word' id='word_1_8' title='bbox 1286 327 1642 384; x_wconf 82' lang='lat' dir='ltr'>requisitionem,</span> 
     </span>
     <span class='ocr_line' id='line_1_2' title="bbox 91 398 1646 459; baseline -0.003 -13"><span class='ocrx_word' id='word_1_9' title='bbox 91 417 119 446; x_wconf 84' lang='lat' dir='ltr'>a</span> <span class='ocrx_word' id='word_1_10' title='bbox 152 402 365 459; x_wconf 82' lang='lat' dir='ltr'>predictis</span> <span class='ocrx_word' id='word_1_11' title='bbox 404 400 602 458; x_wconf 82' lang='lat' dir='ltr'>syndicis</span> <span class='ocrx_word' id='word_1_12' title='bbox 655 400 923 450; x_wconf 79' lang='lat' dir='ltr'>taciendam,</span> <span class='ocrx_word' id='word_1_13' title='bbox 976 399 1184 443; x_wconf 88' lang='lat' dir='ltr'>homines</span> <span class='ocrx_word' id='word_1_14' title='bbox 1210 398 1398 455; x_wconf 83' lang='lat' dir='ltr'>predicti</span> <span class='ocrx_word' id='word_1_15' title='bbox 1448 399 1646 442; x_wconf 90' lang='lat' dir='ltr'>eundem</span> 
     </span>
     <span class='ocr_line' id='line_1_3' title="bbox 91 469 1646 530; baseline -0.003 -15"><span class='ocrx_word' id='word_1_16' title='bbox 91 472 329 516; x_wconf 90' lang='lat' dir='ltr'>dominum</span> <span class='ocrx_word' id='word_1_17' title='bbox 349 472 488 530; x_wconf 81' lang='lat' dir='ltr'>gratis</span> <span class='ocrx_word' id='word_1_18' title='bbox 508 471 565 513; x_wconf 91' lang='lat' dir='ltr'>ad</span> <span class='ocrx_word' id='word_1_19' title='bbox 595 471 797 527; x_wconf 86' lang='lat' dir='ltr'>predicta</span> <span class='ocrx_word' id='word_1_20' title='bbox 823 474 867 513; x_wconf 94' lang='lat' dir='ltr'>et</span> <span class='ocrx_word' id='word_1_21' title='bbox 905 473 1153 527; x_wconf 87' lang='lat' dir='ltr'>spontanee</span> <span class='ocrx_word' id='word_1_22' title='bbox 1182 469 1352 512; x_wconf 89' lang='lat' dir='ltr'>vellent</span> <span class='ocrx_word' id='word_1_23' title='bbox 1403 470 1546 525; x_wconf 86' lang='lat' dir='ltr'>sequi;</span> <span class='ocrx_word' id='word_1_24' title='bbox 1601 472 1646 512; x_wconf 93' lang='lat' dir='ltr'>et</span> 
     </span>
     <span class='ocr_line' id='line_1_4' title="bbox 91 540 1512 599; baseline -0.003 -13"><span class='ocrx_word' id='word_1_25' title='bbox 91 543 176 586; x_wconf 92' lang='lat' dir='ltr'>hoc</span> <span class='ocrx_word' id='word_1_26' title='bbox 201 556 307 586; x_wconf 88' lang='lat' dir='ltr'>casu</span> <span class='ocrx_word' id='word_1_27' title='bbox 334 542 546 599; x_wconf 88' lang='lat' dir='ltr'>predicto,</span> <span class='ocrx_word' id='word_1_28' title='bbox 582 541 778 584; x_wconf 87' lang='lat' dir='ltr'>sindicos</span> <span class='ocrx_word' id='word_1_29' title='bbox 818 541 1046 598; x_wconf 80' lang='lat' dir='ltr'>requirere</span> <span class='ocrx_word' id='word_1_30' title='bbox 1074 540 1263 583; x_wconf 88' lang='lat' dir='ltr'>minime</span> <span class='ocrx_word' id='word_1_31' title='bbox 1291 542 1512 589; x_wconf 86' lang='lat' dir='ltr'>teneatur;</span> 
     </span>
    </p>

    <p class='ocr_par' dir='ltr' id='par_1_2' title="bbox 91 610 1649 797">
     <span class='ocr_line' id='line_1_5' title="bbox 151 610 1649 668; baseline -0.003 -12"><span class='ocrx_word' id='word_1_32' title='bbox 151 614 204 656; x_wconf 92' lang='lat' dir='ltr'>Et</span> <span class='ocrx_word' id='word_1_33' title='bbox 224 613 270 656; x_wconf 92' lang='lat' dir='ltr'>in</span> <span class='ocrx_word' id='word_1_34' title='bbox 292 612 400 662; x_wconf 88' lang='lat' dir='ltr'>ali&#39;o,</span> <span class='ocrx_word' id='word_1_35' title='bbox 431 613 468 656; x_wconf 93' lang='lat' dir='ltr'>si</span> <span class='ocrx_word' id='word_1_36' title='bbox 495 612 703 655; x_wconf 85' lang='lat' dir='ltr'>homines</span> <span class='ocrx_word' id='word_1_37' title='bbox 731 615 964 668; x_wconf 85' lang='lat' dir='ltr'>suspectos</span> <span class='ocrx_word' id='word_1_38' title='bbox 991 614 1033 659; x_wconf 86' lang='lat' dir='ltr'>et</span> <span class='ocrx_word' id='word_1_39' title='bbox 1063 611 1212 653; x_wconf 90' lang='lat' dir='ltr'>minus</span> <span class='ocrx_word' id='word_1_40' title='bbox 1238 610 1368 653; x_wconf 86' lang='lat' dir='ltr'>abtos</span> <span class='ocrx_word' id='word_1_41' title='bbox 1419 613 1649 666; x_wconf 87' lang='lat' dir='ltr'>presenta-</span> 
     </span>
     <span class='ocr_line' id='line_1_6' title="bbox 93 672 1647 732; baseline -0.001 -7"><span class='ocrx_word' id='word_1_42' title='bbox 93 672 192 726; x_wconf 85' lang='lat' dir='ltr'>rent</span> <span class='ocrx_word' id='word_1_43' title='bbox 218 683 383 732; x_wconf 87' lang='lat' dir='ltr'>eidem,</span> <span class='ocrx_word' id='word_1_44' title='bbox 414 683 536 725; x_wconf 91' lang='lat' dir='ltr'>idem</span> <span class='ocrx_word' id='word_1_45' title='bbox 563 682 776 727; x_wconf 85' lang='lat' dir='ltr'>dominus</span> <span class='ocrx_word' id='word_1_46' title='bbox 803 682 1067 725; x_wconf 69' lang='lat' dir='ltr'>electionem</span> <span class='ocrx_word' id='word_1_47' title='bbox 1089 681 1268 730; x_wconf 87' lang='lat' dir='ltr'>habeat,</span> <span class='ocrx_word' id='word_1_48' title='bbox 1299 683 1344 724; x_wconf 93' lang='lat' dir='ltr'>et</span> <span class='ocrx_word' id='word_1_49' title='bbox 1369 680 1415 723; x_wconf 92' lang='lat' dir='ltr'>in</span> <span class='ocrx_word' id='word_1_50' title='bbox 1435 680 1647 724; x_wconf 86' lang='lat' dir='ltr'>omnibus</span> 
     </span>
     <span class='ocr_line' id='line_1_7' title="bbox 91 753 1277 797; baseline -0.003 0"><span class='ocrx_word' id='word_1_51' title='bbox 91 766 274 797; x_wconf 88' lang='lat' dir='ltr'>servare</span> <span class='ocrx_word' id='word_1_52' title='bbox 300 754 664 796; x_wconf 80' lang='lat' dir='ltr'>debeat&#39;bonam</span> <span class='ocrx_word' id='word_1_53' title='bbox 686 753 843 795; x_wconf 82' lang='lat' dir='ltr'>tidem.</span> <span class='ocrx_word' id='word_1_54' title='bbox 1242 763 1277 771; x_wconf 44' lang='lat'>*-</span> 
     </span>
    </p>

    <p class='ocr_par' dir='ltr' id='par_1_3' title="bbox 92 814 1651 1154">
     <span class='ocr_line' id='line_1_8' title="bbox 147 814 1649 879; baseline 0 -13"><span class='ocrx_word' id='word_1_55' title='bbox 147 814 262 867; x_wconf 88' lang='lat' dir='ltr'>Cum</span> <span class='ocrx_word' id='word_1_56' title='bbox 288 837 412 872; x_wconf 88' lang='lat' dir='ltr'>vero,</span> <span class='ocrx_word' id='word_1_57' title='bbox 445 824 712 866; x_wconf 79' lang='lat' dir='ltr'>necessitate</span> <span class='ocrx_word' id='word_1_58' title='bbox 741 836 821 867; x_wconf 93' lang='lat' dir='ltr'>seu</span> <span class='ocrx_word' id='word_1_59' title='bbox 846 823 968 879; x_wconf 85' lang='lat' dir='ltr'>justa</span> <span class='ocrx_word' id='word_1_60' title='bbox 993 836 1130 866; x_wconf 88' lang='lat' dir='ltr'>causa</span> <span class='ocrx_word' id='word_1_61' title='bbox 1166 823 1391 879; x_wconf 84' lang='lat' dir='ltr'>exigente,</span> <span class='ocrx_word' id='word_1_62' title='bbox 1434 823 1649 867; x_wconf 90' lang='lat' dir='ltr'>dominus</span> 
     </span>
     <span class='ocr_line' id='line_1_9' title="bbox 92 894 1651 953; baseline -0.001 -15"><span class='ocrx_word' id='word_1_63' title='bbox 92 894 298 953; x_wconf 79' lang='lat' dir='ltr'>Agantici</span> <span class='ocrx_word' id='word_1_64' title='bbox 323 907 351 937; x_wconf 86' lang='lat' dir='ltr'>a</span> <span class='ocrx_word' id='word_1_65' title='bbox 393 894 701 950; x_wconf 86' lang='lat' dir='ltr'>Magalonensi</span> <span class='ocrx_word' id='word_1_66' title='bbox 755 894 981 949; x_wconf 90' lang='lat' dir='ltr'>episcopo,</span> <span class='ocrx_word' id='word_1_67' title='bbox 1011 894 1088 950; x_wconf 90' lang='lat' dir='ltr'>qui</span> <span class='ocrx_word' id='word_1_68' title='bbox 1117 907 1238 936; x_wconf 90' lang='lat' dir='ltr'>nunc</span> <span class='ocrx_word' id='word_1_69' title='bbox 1281 897 1350 937; x_wconf 90' lang='lat' dir='ltr'>est</span> <span class='ocrx_word' id='word_1_70' title='bbox 1376 897 1420 937; x_wconf 90' lang='lat' dir='ltr'>et</span> <span class='ocrx_word' id='word_1_71' title='bbox 1464 894 1543 951; x_wconf 89' lang='lat' dir='ltr'>qui</span> <span class='ocrx_word' id='word_1_72' title='bbox 1569 908 1651 950; x_wconf 89' lang='lat' dir='ltr'>pro</span> 
     </span>
     <span class='ocr_line' id='line_1_10' title="bbox 95 957 1648 1024; baseline -0.001 -16"><span class='ocrx_word' id='word_1_73' title='bbox 95 957 298 1021; x_wconf 73' lang='lat' dir='ltr'>te&#39;mpore</span> <span class='ocrx_word' id='word_1_74' title='bbox 324 964 475 1024; x_wconf 63' lang='lat' dir='ltr'>tuerit,</span> <span class='ocrx_word' id='word_1_75' title='bbox 507 978 589 1020; x_wconf 92' lang='lat' dir='ltr'>pro</span> <span class='ocrx_word' id='word_1_76' title='bbox 617 964 881 1007; x_wconf 70' lang='lat' dir='ltr'>defensione</span> <span class='ocrx_word' id='word_1_77' title='bbox 908 967 1023 1008; x_wconf 88' lang='lat' dir='ltr'>terre</span> <span class='ocrx_word' id='word_1_78' title='bbox 1050 977 1131 1007; x_wconf 90' lang='lat' dir='ltr'>sue</span> <span class='ocrx_word' id='word_1_79' title='bbox 1157 967 1202 1006; x_wconf 90' lang='lat' dir='ltr'>et</span> <span class='ocrx_word' id='word_1_80' title='bbox 1233 964 1428 1007; x_wconf 91' lang='lat' dir='ltr'>Ecclesie</span> <span class='ocrx_word' id='word_1_81' title='bbox 1455 965 1648 1020; x_wconf 80' lang='lat' dir='ltr'>Magalo-</span> 
     </span>
     <span class='ocr_line' id='line_1_11' title="bbox 94 1035 1649 1092; baseline -0.001 -13"><span class='ocrx_word' id='word_1_82' title='bbox 94 1036 250 1079; x_wconf 89' lang='lat' dir='ltr'>nensis</span> <span class='ocrx_word' id='word_1_83' title='bbox 276 1035 520 1092; x_wconf 88' lang='lat' dir='ltr'>requisitus</span> <span class='ocrx_word' id='word_1_84' title='bbox 541 1048 622 1078; x_wconf 91' lang='lat' dir='ltr'>seu</span> <span class='ocrx_word' id='word_1_85' title='bbox 649 1035 961 1091; x_wconf 80' lang='lat' dir='ltr'>interpellatus</span> <span class='ocrx_word' id='word_1_86' title='bbox 987 1035 1137 1083; x_wconf 81' lang='lat' dir='ltr'>fuerit,</span> <span class='ocrx_word' id='word_1_87' title='bbox 1178 1038 1228 1077; x_wconf 91' lang='lat' dir='ltr'>ut</span> <span class='ocrx_word' id='word_1_88' title='bbox 1252 1048 1356 1078; x_wconf 91' lang='lat' dir='ltr'>cum</span> <span class='ocrx_word' id='word_1_89' title='bbox 1385 1035 1649 1078; x_wconf 87' lang='lat' dir='ltr'>hominibus</span> 
     </span>
     <span class='ocr_line' id='line_1_12' title="bbox 92 1105 1650 1154; baseline 0 -4"><span class='ocrx_word' id='word_1_90' title='bbox 92 1109 211 1150; x_wconf 85' lang='lat' dir='ltr'>terre</span> <span class='ocrx_word' id='word_1_91' title='bbox 236 1119 316 1150; x_wconf 89' lang='lat' dir='ltr'>sue</span> <span class='ocrx_word' id='word_1_92' title='bbox 342 1106 497 1149; x_wconf 88' lang='lat' dir='ltr'>veniat</span> <span class='ocrx_word' id='word_1_93' title='bbox 522 1108 566 1148; x_wconf 89' lang='lat' dir='ltr'>et</span> <span class='ocrx_word' id='word_1_94' title='bbox 591 1119 694 1148; x_wconf 90' lang='lat' dir='ltr'>cum</span> <span class='ocrx_word' id='word_1_95' title='bbox 721 1107 876 1154; x_wconf 87' lang='lat' dir='ltr'>armis,</span> <span class='ocrx_word' id='word_1_96' title='bbox 906 1105 964 1149; x_wconf 89' lang='lat' dir='ltr'>ad</span> <span class='ocrx_word' id='word_1_97' title='bbox 991 1105 1207 1148; x_wconf 87' lang='lat' dir='ltr'>tuendam</span> <span class='ocrx_word' id='word_1_98' title='bbox 1228 1109 1272 1149; x_wconf 92' lang='lat' dir='ltr'>et</span> <span class='ocrx_word' id='word_1_99' title='bbox 1313 1105 1650 1150; x_wconf 80' lang='lat' dir='ltr'>defendendam</span> 
     </span>
    </p>
   </div>
   <div class='ocr_carea' id='block_1_2' title="bbox 0 1176 1652 1233">
    <p class='ocr_par' dir='ltr' id='par_1_4' title="bbox 0 1176 1652 1233">
     <span class='ocr_line' id='line_1_13' title="bbox 0 1176 1652 1233; baseline 0 -13"><span class='ocrx_word' id='word_1_100' title='bbox 0 1216 4 1219; x_wconf 75' lang='grc'>,</span> <span class='ocrx_word' id='word_1_101' title='bbox 69 1229 75 1233; x_wconf 26' lang='grc'>,-</span> <span class='ocrx_word' id='word_1_102' title='bbox 94 1190 335 1233; x_wconf 82' lang='lat' dir='ltr'>personam</span> <span class='ocrx_word' id='word_1_103' title='bbox 363 1176 468 1219; x_wconf 88' lang='lat' dir='ltr'>dicti</span> <span class='ocrx_word' id='word_1_104' title='bbox 496 1176 709 1233; x_wconf 85' lang='lat' dir='ltr'>episcopi.</span> <span class='ocrx_word' id='word_1_105' title='bbox 741 1180 786 1219; x_wconf 93' lang='lat' dir='ltr'>et</span> <span class='ocrx_word' id='word_1_106' title='bbox 806 1179 971 1219; x_wconf 87' lang='lat' dir='ltr'>terram</span> <span class='ocrx_word' id='word_1_107' title='bbox 999 1189 1129 1219; x_wconf 90' lang='lat' dir='ltr'>suam</span> <span class='ocrx_word' id='word_1_108' title='bbox 1158 1179 1201 1219; x_wconf 88' lang='lat' dir='ltr'>et</span> <span class='ocrx_word' id='word_1_109' title='bbox 1229 1177 1474 1219; x_wconf 82' lang='lat' dir='ltr'>Ecclesiam</span> <span class='ocrx_word' id='word_1_110' title='bbox 1496 1190 1652 1233; x_wconf 85' lang='lat' dir='ltr'>supra-</span> 
     </span>
    </p>
   </div>
   <div class='ocr_carea' id='block_1_3' title="bbox 94 1247 1662 2080">
    <p class='ocr_par' dir='ltr' id='par_1_5' title="bbox 94 1247 1656 1586">
     <span class='ocr_line' id='line_1_14' title="bbox 94 1247 1653 1295; baseline 0 -4"><span class='ocrx_word' id='word_1_111' title='bbox 94 1248 278 1295; x_wconf 75' lang='lat' dir='ltr'>dictam,</span> <span class='ocrx_word' id='word_1_112' title='bbox 309 1248 429 1290; x_wconf 85' lang='lat' dir='ltr'>dicta</span> <span class='ocrx_word' id='word_1_113' title='bbox 456 1247 729 1290; x_wconf 82' lang='lat' dir='ltr'>universitas</span> <span class='ocrx_word' id='word_1_114' title='bbox 757 1247 978 1290; x_wconf 90' lang='lat' dir='ltr'>dictorum</span> <span class='ocrx_word' id='word_1_115' title='bbox 1030 1247 1284 1295; x_wconf 87' lang='lat' dir='ltr'>hominum,</span> <span class='ocrx_word' id='word_1_116' title='bbox 1315 1248 1352 1290; x_wconf 91' lang='lat' dir='ltr'>si</span> <span class='ocrx_word' id='word_1_117' title='bbox 1398 1248 1653 1291; x_wconf 75' lang='lat' dir='ltr'>necessarIa</span> 
     </span>
     <span class='ocr_line' id='line_1_15' title="bbox 95 1317 1656 1373; baseline -0.001 -12"><span class='ocrx_word' id='word_1_118' title='bbox 95 1318 230 1362; x_wconf 80' lang='lat' dir='ltr'>fuerit</span> <span class='ocrx_word' id='word_1_119' title='bbox 251 1319 322 1362; x_wconf 90' lang='lat' dir='ltr'>vel</span> <span class='ocrx_word' id='word_1_120' title='bbox 349 1317 494 1373; x_wconf 81' lang='lat' dir='ltr'>major</span> <span class='ocrx_word' id='word_1_121' title='bbox 520 1331 638 1373; x_wconf 89' lang='lat' dir='ltr'>pars,</span> <span class='ocrx_word' id='word_1_122' title='bbox 669 1321 802 1373; x_wconf 85' lang='lat' dir='ltr'>prout</span> <span class='ocrx_word' id='word_1_123' title='bbox 830 1318 930 1373; x_wconf 91' lang='lat' dir='ltr'>plus</span> <span class='ocrx_word' id='word_1_124' title='bbox 976 1318 1049 1361; x_wconf 90' lang='lat' dir='ltr'>vel</span> <span class='ocrx_word' id='word_1_125' title='bbox 1079 1318 1228 1361; x_wconf 88' lang='lat' dir='ltr'>minus</span> <span class='ocrx_word' id='word_1_126' title='bbox 1280 1331 1462 1361; x_wconf 87' lang='lat' dir='ltr'>necesse</span> <span class='ocrx_word' id='word_1_127' title='bbox 1499 1318 1656 1366; x_wconf 81' lang='lat' dir='ltr'>tuerit,&#39;</span> 
     </span>
     <span class='ocr_line' id='line_1_16' title="bbox 94 1382 1654 1445; baseline -0.001 -13"><span class='ocrx_word' id='word_1_128' title='bbox 94 1389 225 1445; x_wconf 70' lang='lat' dir='ltr'>sequi</span> <span class='ocrx_word' id='word_1_129' title='bbox 245 1401 347 1431; x_wconf 92' lang='lat' dir='ltr'>cum</span> <span class='ocrx_word' id='word_1_130' title='bbox 375 1388 514 1431; x_wconf 90' lang='lat' dir='ltr'>armis</span> <span class='ocrx_word' id='word_1_131' title='bbox 535 1401 669 1430; x_wconf 88' lang='lat' dir='ltr'>suum</span> <span class='ocrx_word' id='word_1_132' title='bbox 698 1387 936 1430; x_wconf 89' lang='lat' dir='ltr'>dominum</span> <span class='ocrx_word' id='word_1_133' title='bbox 959 1388 1164 1443; x_wconf 82' lang='lat' dir='ltr'>Agantici</span> <span class='ocrx_word' id='word_1_134' title='bbox 1187 1382 1396 1430; x_wconf 87' lang='lat' dir='ltr'>similiter</span> <span class='ocrx_word' id='word_1_135' title='bbox 1416 1392 1654 1432; x_wconf 85' lang='lat' dir='ltr'>teneantur</span> 
     </span>
     <span class='ocr_line' id='line_1_17' title="bbox 96 1458 1652 1516; baseline -0.001 -14"><span class='ocrx_word' id='word_1_136' title='bbox 96 1461 159 1502; x_wconf 85' lang='lat' dir='ltr'>ila</span> <span class='ocrx_word' id='word_1_137' title='bbox 183 1459 304 1516; x_wconf 89' lang='lat' dir='ltr'>quod</span> <span class='ocrx_word' id='word_1_138' title='bbox 337 1459 487 1501; x_wconf 90' lang='lat' dir='ltr'>eundo</span> <span class='ocrx_word' id='word_1_139' title='bbox 525 1461 569 1501; x_wconf 88' lang='lat' dir='ltr'>et</span> <span class='ocrx_word' id='word_1_140' title='bbox 589 1458 820 1501; x_wconf 85' lang='lat' dir='ltr'>redeundo</span> <span class='ocrx_word' id='word_1_141' title='bbox 842 1461 886 1501; x_wconf 85' lang='lat' dir='ltr'>et</span> <span class='ocrx_word' id='word_1_142' title='bbox 912 1458 1088 1506; x_wconf 84' lang='lat' dir='ltr'>stando,</span> <span class='ocrx_word' id='word_1_143' title='bbox 1119 1459 1175 1502; x_wconf 87' lang='lat' dir='ltr'>ad</span> <span class='ocrx_word' id='word_1_144' title='bbox 1205 1472 1285 1501; x_wconf 84' lang='lat' dir='ltr'>sex</span> <span class='ocrx_word' id='word_1_145' title='bbox 1307 1459 1419 1506; x_wconf 83' lang='lat' dir='ltr'>dies,</span> <span class='ocrx_word' id='word_1_146' title='bbox 1439 1458 1652 1502; x_wconf 75' lang='lat' dir='ltr'>viandum</span> 
     </span>
     <span class='ocr_line' id='line_1_18' title="bbox 97 1529 1216 1586; baseline -0.002 -13"><span class='ocrx_word' id='word_1_147' title='bbox 97 1531 164 1573; x_wconf 87' lang='lat' dir='ltr'>ad.</span> <span class='ocrx_word' id='word_1_148' title='bbox 182 1543 297 1586; x_wconf 92' lang='lat' dir='ltr'>opus</span> <span class='ocrx_word' id='word_1_149' title='bbox 323 1529 544 1572; x_wconf 89' lang='lat' dir='ltr'>dictorum</span> <span class='ocrx_word' id='word_1_150' title='bbox 571 1529 811 1571; x_wconf 89' lang='lat' dir='ltr'>hominum</span> <span class='ocrx_word' id='word_1_151' title='bbox 839 1542 995 1571; x_wconf 90' lang='lat' dir='ltr'>secum</span> <span class='ocrx_word' id='word_1_152' title='bbox 1023 1532 1216 1585; x_wconf 85' lang='lat' dir='ltr'>portent.</span> 
     </span>
    </p>

    <p class='ocr_par' dir='ltr' id='par_1_6' title="bbox 96 1584 1660 1930">
     <span class='ocr_line' id='line_1_19' title="bbox 157 1584 1657 1655; baseline -0.001 -11"><span class='ocrx_word' id='word_1_153' title='bbox 157 1601 206 1645; x_wconf 85' lang='lat' dir='ltr'>Si</span> <span class='ocrx_word' id='word_1_154' title='bbox 233 1614 355 1648; x_wconf 86' lang='lat' dir='ltr'>v‚ero</span> <span class='ocrx_word' id='word_1_155' title='bbox 387 1599 505 1642; x_wconf 90' lang='lat' dir='ltr'>ultra</span> <span class='ocrx_word' id='word_1_156' title='bbox 531 1613 614 1642; x_wconf 84' lang='lat' dir='ltr'>sex</span> <span class='ocrx_word' id='word_1_157' title='bbox 634 1599 747 1648; x_wconf 85' lang='lat' dir='ltr'>dies,</span> <span class='ocrx_word' id='word_1_158' title='bbox 778 1613 937 1642; x_wconf 86' lang='lat' dir='ltr'>omnes</span> <span class='ocrx_word' id='word_1_159' title='bbox 965 1584 1181 1642; x_wconf 56' lang='lat' dir='ltr'>homines·</span> <span class='ocrx_word' id='word_1_160' title='bbox 1201 1600 1427 1655; x_wconf 89' lang='lat' dir='ltr'>predictos</span> <span class='ocrx_word' id='word_1_161' title='bbox 1455 1601 1526 1642; x_wconf 90' lang='lat' dir='ltr'>vel</span> <span class='ocrx_word' id='word_1_162' title='bbox 1577 1600 1657 1644; x_wconf 88' lang='lat' dir='ltr'>ali-</span> 
     </span>
     <span class='ocr_line' id='line_1_20' title="bbox 99 1669 1653 1731; baseline -0.001 -16"><span class='ocrx_word' id='word_1_163' title='bbox 99 1684 239 1729; x_wconf 82' lang='lat' dir='ltr'>quam</span> <span class='ocrx_word' id='word_1_164' title='bbox 261 1673 437 1727; x_wconf 90' lang='lat' dir='ltr'>partem</span> <span class='ocrx_word' id='word_1_165' title='bbox 458 1683 517 1713; x_wconf 87' lang='lat' dir='ltr'>ex</span> <span class='ocrx_word' id='word_1_166' title='bbox 536 1669 602 1713; x_wconf 92' lang='lat' dir='ltr'>eis</span> <span class='ocrx_word' id='word_1_167' title='bbox 630 1670 676 1712; x_wconf 91' lang='lat' dir='ltr'>in</span> <span class='ocrx_word' id='word_1_168' title='bbox 702 1670 907 1731; x_wconf 90' lang='lat' dir='ltr'>predicto</span> <span class='ocrx_word' id='word_1_169' title='bbox 930 1684 1038 1713; x_wconf 69' lang='lat' dir='ltr'>serx</span> <span class='ocrx_word' id='word_1_170' title='bbox 1044 1670 1128 1713; x_wconf 89' lang='lat' dir='ltr'>icio</span> <span class='ocrx_word' id='word_1_171' title='bbox 1149 1683 1383 1715; x_wconf 85' lang='lat' dir='ltr'>remanere</span> <span class='ocrx_word' id='word_1_172' title='bbox 1403 1671 1653 1726; x_wconf 86' lang='lat' dir='ltr'>contigerit</span> 
     </span>
     <span class='ocr_line' id='line_1_21' title="bbox 106 1740 1654 1798; baseline -0.001 -13"><span class='ocrx_word' id='word_1_173' title='bbox 106 1756 130 1785; x_wconf 93' lang='lat' dir='ltr'>e</span> <span class='ocrx_word' id='word_1_174' title='bbox 148 1742 361 1798; x_wconf 81' lang='lat' dir='ltr'>piscopus</span> <span class='ocrx_word' id='word_1_175' title='bbox 388 1741 562 1783; x_wconf 88' lang='lat' dir='ltr'>eisdem</span> <span class='ocrx_word' id='word_1_176' title='bbox 588 1740 635 1782; x_wconf 94' lang='lat' dir='ltr'>in</span> <span class='ocrx_word' id='word_1_177' title='bbox 674 1741 949 1783; x_wconf 77' lang='lat' dir='ltr'>victualibus</span> <span class='ocrx_word' id='word_1_178' title='bbox 977 1755 1033 1783; x_wconf 87' lang='lat' dir='ltr'>ex</span> <span class='ocrx_word' id='word_1_179' title='bbox 1062 1744 1170 1784; x_wconf 87' lang='lat' dir='ltr'>tunc</span> <span class='ocrx_word' id='word_1_180' title='bbox 1208 1742 1373 1784; x_wconf 82' lang='lat' dir='ltr'>debeat</span> <span class='ocrx_word' id='word_1_181' title='bbox 1399 1742 1654 1798; x_wconf 71' lang='lat' dir='ltr'>prendere</span> 
     </span>
     <span class='ocr_line' id='line_1_22' title="bbox 96 1811 1660 1870; baseline -0.001 -15"><span class='ocrx_word' id='word_1_182' title='bbox 96 1813 160 1856; x_wconf 88' lang='lat' dir='ltr'>ita</span> <span class='ocrx_word' id='word_1_183' title='bbox 209 1812 347 1870; x_wconf 87' lang='lat' dir='ltr'>quod,</span> <span class='ocrx_word' id='word_1_184' title='bbox 371 1812 496 1855; x_wconf 89' lang='lat' dir='ltr'>omni</span> <span class='ocrx_word' id='word_1_185' title='bbox 540 1825 662 1859; x_wconf 82' lang='lat' dir='ltr'>casu,</span> <span class='ocrx_word' id='word_1_186' title='bbox 693 1812 812 1854; x_wconf 88' lang='lat' dir='ltr'>dicta</span> <span class='ocrx_word' id='word_1_187' title='bbox 838 1812 947 1854; x_wconf 86' lang='lat' dir='ltr'>villa</span> <span class='ocrx_word' id='word_1_188' title='bbox 974 1812 1178 1866; x_wconf 78' lang='lat' dir='ltr'>Agantici</span> <span class='ocrx_word' id='word_1_189' title='bbox 1229 1811 1506 1861; x_wconf 84' lang='lat' dir='ltr'>hominihus,</span> <span class='ocrx_word' id='word_1_190' title='bbox 1554 1826 1660 1855; x_wconf 81' lang='lat' dir='ltr'>ean-</span> 
     </span>
     <span class='ocr_line' id='line_1_23' title="bbox 97 1882 1102 1930; baseline -0.002 -4"><span class='ocrx_word' id='word_1_191' title='bbox 97 1884 204 1926; x_wconf 85' lang='lat' dir='ltr'>dem</span> <span class='ocrx_word' id='word_1_192' title='bbox 233 1883 386 1925; x_wconf 87' lang='lat' dir='ltr'>villam</span> <span class='ocrx_word' id='word_1_193' title='bbox 412 1882 795 1930; x_wconf 79' lang='lat' dir='ltr'>custodientibus,</span> <span class='ocrx_word' id='word_1_194' title='bbox 829 1883 885 1924; x_wconf 89' lang='lat' dir='ltr'>sit</span> <span class='ocrx_word' id='word_1_195' title='bbox 914 1884 1102 1926; x_wconf 86' lang='lat' dir='ltr'>munita.</span> 
     </span>
    </p>

    <p class='ocr_par' dir='ltr' id='par_1_7' title="bbox 99 1954 1662 2080">
     <span class='ocr_line' id='line_1_24' title="bbox 158 1954 1662 2012; baseline 0 -16"><span class='ocrx_word' id='word_1_196' title='bbox 158 1955 269 2012; x_wconf 63' lang='lat' dir='ltr'>item</span> <span class='ocrx_word' id='word_1_197' title='bbox 298 1954 524 2001; x_wconf 81' lang='lat' dir='ltr'>volumus,</span> <span class='ocrx_word' id='word_1_198' title='bbox 550 1954 826 2009; x_wconf 84' lang='lat' dir='ltr'>precipimus</span> <span class='ocrx_word' id='word_1_199' title='bbox 848 1957 892 1996; x_wconf 91' lang='lat' dir='ltr'>et</span> <span class='ocrx_word' id='word_1_200' title='bbox 921 1954 1208 2001; x_wconf 81' lang='lat' dir='ltr'>mandamus,</span> <span class='ocrx_word' id='word_1_201' title='bbox 1248 1955 1366 2009; x_wconf 81' lang='lat' dir='ltr'>quod</span> <span class='ocrx_word' id='word_1_202' title='bbox 1396 1954 1513 1997; x_wconf 84' lang='lat' dir='ltr'>(licta</span> <span class='ocrx_word' id='word_1_203' title='bbox 1565 1956 1662 1996; x_wconf 81' lang='lat' dir='ltr'>uni-</span> 
     </span>
     <span class='ocr_line' id='line_1_25' title="bbox 99 2024 1661 2080; baseline -0.001 -12"><span class='ocrx_word' id='word_1_204' title='bbox 99 2025 292 2068; x_wconf 76' lang='lat' dir='ltr'>versitas</span> <span class='ocrx_word' id='word_1_205' title='bbox 333 2024 439 2066; x_wconf 80' lang='lat' dir='ltr'>ville</span> <span class='ocrx_word' id='word_1_206' title='bbox 466 2024 686 2078; x_wconf 81' lang='lat' dir='ltr'>Agantici,</span> <span class='ocrx_word' id='word_1_207' title='bbox 719 2038 798 2066; x_wconf 88' lang='lat' dir='ltr'>seu</span> <span class='ocrx_word' id='word_1_208' title='bbox 820 2024 980 2079; x_wconf 79' lang='lat' dir='ltr'>prelati</span> <span class='ocrx_word' id='word_1_209' title='bbox 1004 2025 1163 2066; x_wconf 89' lang='lat' dir='ltr'>sindici</span> <span class='ocrx_word' id='word_1_210' title='bbox 1186 2024 1232 2066; x_wconf 90' lang='lat' dir='ltr'>in</span> <span class='ocrx_word' id='word_1_211' title='bbox 1254 2038 1493 2079; x_wconf 82' lang='lat' dir='ltr'>personam</span> <span class='ocrx_word' id='word_1_212' title='bbox 1518 2025 1661 2080; x_wconf 86' lang='lat' dir='ltr'>ipsius</span> 
     </span>
    </p>
   </div>
   <div class='ocr_carea' id='block_1_4' title="bbox 26 2095 1660 2151">
    <p class='ocr_par' dir='ltr' id='par_1_8' title="bbox 26 2095 1660 2151">
     <span class='ocr_line' id='line_1_26' title="bbox 26 2095 1660 2151; baseline 0 -14"><span class='ocrx_word' id='word_1_213' title='bbox 26 2138 31 2145; x_wconf 79' lang='grc'><em>,</em></span> <span class='ocrx_word' id='word_1_214' title='bbox 99 2095 424 2143; x_wconf 83' lang='lat' dir='ltr'>universitatis,</span> <span class='ocrx_word' id='word_1_215' title='bbox 444 2095 565 2143; x_wconf 85' lang='lat' dir='ltr'>dent,</span> <span class='ocrx_word' id='word_1_216' title='bbox 589 2095 764 2137; x_wconf 83' lang='lat' dir='ltr'>solvent</span> <span class='ocrx_word' id='word_1_217' title='bbox 792 2097 868 2151; x_wconf 73' lang='lat' dir='ltr'>(z</span> <span class='ocrx_word' id='word_1_218' title='bbox 884 2095 1079 2149; x_wconf 70' lang='lat' dir='ltr'>solvant)</span> <span class='ocrx_word' id='word_1_219' title='bbox 1109 2098 1151 2137; x_wconf 85' lang='lat' dir='ltr'>et</span> <span class='ocrx_word' id='word_1_220' title='bbox 1177 2095 1353 2137; x_wconf 80' lang='lat' dir='ltr'>solvare</span> <span class='ocrx_word' id='word_1_221' title='bbox 1375 2098 1451 2150; x_wconf 69' lang='lat' dir='ltr'>(z</span> <span class='ocrx_word' id='word_1_222' title='bbox 1467 2096 1660 2149; x_wconf 82' lang='lat' dir='ltr'>solvere)</span> 
     </span>
    </p>
   </div>
   <div class='ocr_carea' id='block_1_5' title="bbox 37 2165 1668 2646">
    <p class='ocr_par' dir='ltr' id='par_1_9' title="bbox 98 2165 1665 2434">
     <span class='ocr_line' id='line_1_27' title="bbox 99 2165 1662 2221; baseline 0 -13"><span class='ocrx_word' id='word_1_223' title='bbox 99 2168 341 2208; x_wconf 80' lang='lat' dir='ltr'>teneantur</span> <span class='ocrx_word' id='word_1_224' title='bbox 367 2165 483 2208; x_wconf 88' lang='lat' dir='ltr'>dicto</span> <span class='ocrx_word' id='word_1_225' title='bbox 510 2165 695 2208; x_wconf 84' lang='lat' dir='ltr'>domino</span> <span class='ocrx_word' id='word_1_226' title='bbox 722 2166 925 2221; x_wconf 81' lang='lat' dir='ltr'>Agantici</span> <span class='ocrx_word' id='word_1_227' title='bbox 953 2168 1136 2208; x_wconf 90' lang='lat' dir='ltr'>centum</span> <span class='ocrx_word' id='word_1_228' title='bbox 1175 2166 1313 2208; x_wconf 80' lang='lat' dir='ltr'>libras</span> <span class='ocrx_word' id='word_1_229' title='bbox 1341 2167 1662 2220; x_wconf 76' lang='lat' dir='ltr'>melgorienses</span> 
     </span>
     <span class='ocr_line' id='line_1_28' title="bbox 100 2236 1661 2292; baseline 0 -14"><span class='ocrx_word' id='word_1_230' title='bbox 100 2250 180 2292; x_wconf 87' lang='lat' dir='ltr'>per</span> <span class='ocrx_word' id='word_1_231' title='bbox 197 2237 415 2278; x_wconf 57' lang='lat' dir='ltr'>terminos</span> <span class='ocrx_word' id='word_1_232' title='bbox 460 2236 783 2292; x_wconf 47' lang='lat' dir='ltr'>infrana-imos:</span> <span class='ocrx_word' id='word_1_233' title='bbox 842 2237 1057 2289; x_wconf 87' lang='lat' dir='ltr'>videlicet</span> <span class='ocrx_word' id='word_1_234' title='bbox 1107 2236 1211 2278; x_wconf 92' lang='lat' dir='ltr'>hinc</span> <span class='ocrx_word' id='word_1_235' title='bbox 1236 2237 1293 2279; x_wconf 88' lang='lat' dir='ltr'>ad</span> <span class='ocrx_word' id='word_1_236' title='bbox 1337 2237 1661 2292; x_wconf 80' lang='lat' dir='ltr'>carnipriviuni</span> 
     </span>
     <span class='ocr_line' id='line_1_29' title="bbox 98 2298 1665 2363; baseline 0 -15"><span class='ocrx_word' id='word_1_237' title='bbox 98 2306 430 2363; x_wconf 69' lang='lat' dir='ltr'>quinquaginta</span> <span class='ocrx_word' id='word_1_238' title='bbox 463 2307 603 2350; x_wconf 77' lang='lat' dir='ltr'>libras</span> <span class='ocrx_word' id='word_1_239' title='bbox 634 2308 688 2349; x_wconf 81' lang='lat' dir='ltr'>‹le</span> <span class='ocrx_word' id='word_1_240' title='bbox 719 2298 931 2362; x_wconf 82' lang='lat' dir='ltr'>predictis</span> <span class='ocrx_word' id='word_1_241' title='bbox 982 2310 1179 2355; x_wconf 84' lang='lat' dir='ltr'>centum;</span> <span class='ocrx_word' id='word_1_242' title='bbox 1235 2321 1377 2363; x_wconf 80' lang='lat' dir='ltr'>usque</span> <span class='ocrx_word' id='word_1_243' title='bbox 1405 2307 1461 2349; x_wconf 90' lang='lat' dir='ltr'>ad</span> <span class='ocrx_word' id='word_1_244' title='bbox 1513 2308 1665 2362; x_wconf 75' lang='lat' dir='ltr'>proxi-</span> 
     </span>
     <span class='ocr_line' id='line_1_30' title="bbox 102 2377 930 2434; baseline 0.001 -16"><span class='ocrx_word' id='word_1_245' title='bbox 102 2390 228 2419; x_wconf 88' lang='lat' dir='ltr'>mum</span> <span class='ocrx_word' id='word_1_246' title='bbox 253 2377 422 2419; x_wconf 82' lang='lat' dir='ltr'>Pascha</span> <span class='ocrx_word' id='word_1_247' title='bbox 448 2377 559 2420; x_wconf 87' lang='lat' dir='ltr'>alias</span> <span class='ocrx_word' id='word_1_248' title='bbox 582 2378 930 2434; x_wconf 74' lang='lat' dir='ltr'>quinquaginta:</span> 
     </span>
    </p>

    <p class='ocr_par' dir='ltr' id='par_1_10' title="bbox 37 2447 1668 2646">
     <span class='ocr_line' id='line_1_31' title="bbox 162 2447 1665 2508; baseline 0.001 -19"><span class='ocrx_word' id='word_1_249' title='bbox 162 2447 214 2489; x_wconf 88' lang='lat' dir='ltr'>Et</span> <span class='ocrx_word' id='word_1_250' title='bbox 263 2448 384 2503; x_wconf 86' lang='lat' dir='ltr'>quod</span> <span class='ocrx_word' id='word_1_251' title='bbox 432 2448 752 2490; x_wconf 84' lang='lat' dir='ltr'>nichilominus</span> <span class='ocrx_word' id='word_1_252' title='bbox 803 2448 1015 2508; x_wconf 73' lang='lat' dir='ltr'>dominus</span> <span class='ocrx_word' id='word_1_253' title='bbox 1066 2448 1273 2503; x_wconf 82' lang='lat' dir='ltr'>Agantici</span> <span class='ocrx_word' id='word_1_254' title='bbox 1326 2449 1555 2504; x_wconf 88' lang='lat' dir='ltr'>predictus</span> <span class='ocrx_word' id='word_1_255' title='bbox 1605 2449 1665 2490; x_wconf 84' lang='lat' dir='ltr'>sit</span> 
     </span>
     <span class='ocr_line' id='line_1_32' title="bbox 103 2518 1666 2574; baseline 0 -15"><span class='ocrx_word' id='word_1_256' title='bbox 103 2518 321 2560; x_wconf 83' lang='lat' dir='ltr'>immunis</span> <span class='ocrx_word' id='word_1_257' title='bbox 350 2521 394 2560; x_wconf 90' lang='lat' dir='ltr'>et</span> <span class='ocrx_word' id='word_1_258' title='bbox 420 2518 590 2574; x_wconf 88' lang='lat' dir='ltr'>quitius</span> <span class='ocrx_word' id='word_1_259' title='bbox 617 2532 645 2560; x_wconf 89' lang='lat' dir='ltr'>a</span> <span class='ocrx_word' id='word_1_260' title='bbox 683 2519 906 2561; x_wconf 86' lang='lat' dir='ltr'>solutione</span> <span class='ocrx_word' id='word_1_261' title='bbox 956 2520 1272 2561; x_wconf 85' lang='lat' dir='ltr'>sexcentorum</span> <span class='ocrx_word' id='word_1_262' title='bbox 1324 2519 1591 2568; x_wconf 83' lang='lat' dir='ltr'>solidorum,</span> <span class='ocrx_word' id='word_1_263' title='bbox 1622 2519 1666 2560; x_wconf 92' lang='lat' dir='ltr'>in</span> 
     </span>
     <span class='ocr_line' id='line_1_33' title="bbox 37 2588 1668 2646; baseline -0.001 -15"><span class='ocrx_word' id='word_1_264' title='bbox 37 2611 41 2615; x_wconf 88' lang='lat'>-</span> <span class='ocrx_word' id='word_1_265' title='bbox 71 2612 81 2619; x_wconf 90' lang='lat'>--</span> <span class='ocrx_word' id='word_1_266' title='bbox 103 2588 270 2646; x_wconf 87' lang='lat' dir='ltr'>quibus</span> <span class='ocrx_word' id='word_1_267' title='bbox 297 2601 355 2631; x_wconf 83' lang='lat' dir='ltr'>ex</span> <span class='ocrx_word' id='word_1_268' title='bbox 380 2602 517 2631; x_wconf 88' lang='lat' dir='ltr'>causa</span> <span class='ocrx_word' id='word_1_269' title='bbox 544 2589 704 2637; x_wconf 88' lang='lat' dir='ltr'>mutui,</span> <span class='ocrx_word' id='word_1_270' title='bbox 731 2589 1017 2632; x_wconf 87' lang='lat' dir='ltr'>universitati</span> <span class='ocrx_word' id='word_1_271' title='bbox 1043 2589 1242 2645; x_wconf 90' lang='lat' dir='ltr'>predicte</span> <span class='ocrx_word' id='word_1_272' title='bbox 1284 2590 1510 2645; x_wconf 85' lang='lat' dir='ltr'>obligatus</span> <span class='ocrx_word' id='word_1_273' title='bbox 1549 2590 1668 2632; x_wconf 81' lang='lat' dir='ltr'>exis-</span> 
     </span>
    </p>
   </div>
   <div class='ocr_carea' id='block_1_6' title="bbox 105 2659 1669 2721">
    <p class='ocr_par' dir='ltr' id='par_1_11' title="bbox 14 2659 1669 2721">
     <span class='ocr_line' id='line_1_34' title="bbox 105 2659 1669 2721; baseline -0.001 -19.055"><span class='ocrx_word' id='word_1_274' title='bbox 105 2660 173 2708; x_wconf 89' lang='lat' dir='ltr'>tit;</span> <span class='ocrx_word' id='word_1_275' title='bbox 215 2661 260 2701; x_wconf 92' lang='lat' dir='ltr'>et</span> <span class='ocrx_word' id='word_1_276' title='bbox 284 2659 407 2715; x_wconf 86' lang='lat' dir='ltr'>quod</span> <span class='ocrx_word' id='word_1_277' title='bbox 429 2659 528 2715; x_wconf 86' lang='lat' dir='ltr'>ipsa</span> <span class='ocrx_word' id='word_1_278' title='bbox 553 2660 827 2721; x_wconf 83' lang='lat' dir='ltr'>universitas</span> <span class='ocrx_word' id='word_1_279' title='bbox 856 2661 926 2702; x_wconf 76' lang='lat' dir='ltr'>vel</span> <span class='ocrx_word' id='word_1_280' title='bbox 953 2660 1118 2717; x_wconf 85' lang='lat' dir='ltr'>aliquis</span> <span class='ocrx_word' id='word_1_281' title='bbox 1146 2674 1227 2716; x_wconf 86' lang='lat' dir='ltr'>pre</span> <span class='ocrx_word' id='word_1_282' title='bbox 1261 2661 1555 2703; x_wconf 79' lang='lat' dir='ltr'>universitate</span> <span class='ocrx_word' id='word_1_283' title='bbox 1578 2660 1669 2701; x_wconf 77' lang='lat' dir='ltr'>die-</span> 
     </span>
    </p>
   </div>
   <div class='ocr_carea' id='block_1_7' title="bbox 31 2730 1668 2935">
    <p class='ocr_par' dir='ltr' id='par_1_12' title="bbox 31 2730 1668 2935">
     <span class='ocr_line' id='line_1_35' title="bbox 105 2730 1666 2787; baseline -0.002 -15"><span class='ocrx_word' id='word_1_284' title='bbox 105 2733 175 2772; x_wconf 89' lang='lat' dir='ltr'>tos</span> <span class='ocrx_word' id='word_1_285' title='bbox 201 2732 437 2772; x_wconf 87' lang='lat' dir='ltr'>sexcentos</span> <span class='ocrx_word' id='word_1_286' title='bbox 459 2730 626 2773; x_wconf 88' lang='lat' dir='ltr'>solidos</span> <span class='ocrx_word' id='word_1_287' title='bbox 649 2731 813 2773; x_wconf 90' lang='lat' dir='ltr'>deinde</span> <span class='ocrx_word' id='word_1_288' title='bbox 841 2744 930 2773; x_wconf 92' lang='lat' dir='ltr'>non</span> <span class='ocrx_word' id='word_1_289' title='bbox 976 2731 1120 2787; x_wconf 88' lang='lat' dir='ltr'>possit</span> <span class='ocrx_word' id='word_1_290' title='bbox 1166 2744 1247 2773; x_wconf 88' lang='lat' dir='ltr'>nec</span> <span class='ocrx_word' id='word_1_291' title='bbox 1273 2732 1438 2773; x_wconf 82' lang='lat' dir='ltr'>debeat</span> <span class='ocrx_word' id='word_1_292' title='bbox 1487 2732 1666 2784; x_wconf 69' lang='lat' dir='ltr'>exigere</span> 
     </span>
     <span class='ocr_line' id='line_1_36' title="bbox 40 2799 1668 2861; baseline -0.001 -19"><span class='ocrx_word' id='word_1_293' title='bbox 40 2855 47 2861; x_wconf 26' lang='lat'><strong><em>³</em></strong></span> <span class='ocrx_word' id='word_1_294' title='bbox 105 2800 179 2842; x_wconf 84' lang='lat' dir='ltr'>vel</span> <span class='ocrx_word' id='word_1_295' title='bbox 205 2799 386 2842; x_wconf 87' lang='lat' dir='ltr'>habere.</span> <span class='ocrx_word' id='word_1_296' title='bbox 418 2800 470 2842; x_wconf 90' lang='lat' dir='ltr'>Et</span> <span class='ocrx_word' id='word_1_297' title='bbox 496 2801 533 2843; x_wconf 94' lang='lat' dir='ltr'>si</span> <span class='ocrx_word' id='word_1_298' title='bbox 557 2801 743 2856; x_wconf 86' lang='lat' dir='ltr'>predicti</span> <span class='ocrx_word' id='word_1_299' title='bbox 771 2802 971 2844; x_wconf 79' lang='lat' dir='ltr'>sexcenti</span> <span class='ocrx_word' id='word_1_300' title='bbox 999 2801 1132 2844; x_wconf 86' lang='lat' dir='ltr'>solidi</span> <span class='ocrx_word' id='word_1_301' title='bbox 1180 2802 1383 2857; x_wconf 84' lang='lat' dir='ltr'>personis</span> <span class='ocrx_word' id='word_1_302' title='bbox 1430 2802 1668 2856; x_wconf 73' lang='lat' dir='ltr'>singulm-{-</span> 
     </span>
     <span class='ocr_line' id='line_1_37' title="bbox 31 2870 1666 2935; baseline -0.001 -22"><span class='ocrx_word' id='word_1_303' title='bbox 31 2885 43 2895; x_wconf 69' lang='lat'><em>⁷</em></span> <span class='ocrx_word' id='word_1_304' title='bbox 106 2870 192 2935; x_wconf 38' lang='lat' dir='ltr'>b0us</span> <span class='ocrx_word' id='word_1_305' title='bbox 219 2870 529 2914; x_wconf 82' lang='lat' dir='ltr'>universitatis</span> <span class='ocrx_word' id='word_1_306' title='bbox 558 2872 754 2926; x_wconf 89' lang='lat' dir='ltr'>predicte</span> <span class='ocrx_word' id='word_1_307' title='bbox 812 2872 1080 2917; x_wconf 82' lang='lat' dir='ltr'>debeantur.</span> <span class='ocrx_word' id='word_1_308' title='bbox 1114 2872 1314 2926; x_wconf 73' lang='lat' dir='ltr'>prediola</span> <span class='ocrx_word' id='word_1_309' title='bbox 1377 2872 1666 2913; x_wconf 52' lang='lat' dir='ltr'>:imvm-sias.</span> 
     </span>
    </p>
   </div>
  </div>
 </body>
</html>
