2107 3404
754 188 1004 249 ..317-

510 438 826 482 DCCLXXXII.
861 464 913 470 —
937 437 994 480 22
1020 437 1117 493 juin
1140 436 1253 480 1285

143 591 402 637 Berenger
421 590 603 627 Fre-:101
626 590 838 626 aeeorde
891 590 950 626 de
970 599 1233 626 nouveaux
1276 588 1539 636 privileges
1558 600 1658 627 aux

0 626 42 698 ’;-
99 650 354 686 habitants
384 649 443 686 de
463 649 512 685 la.
536 649 695 686 vallea
716 649 775 684 de
796 648 1159 685 Montferrand.
1218 663 1222 666 ·

156 779 350 835 Noscant
371 793 589 847 perpetuo
634 790 837 833 universi
859 793 901 833 et
947 790 1115 846 singuli
1140 790 1226 834 hoc
1276 804 1462 846 presens
1490 791 1656 834 instru-

99 864 304 904 mentum
332 861 575 917 inspecturi
599 875 679 904 seu
702 862 844 904 eciam
890 862 1103 909 audituri,
1140 862 1277 918 quod,
1308 875 1425 904 anno
1452 862 1659 905 Incarna-

99 931 232 975 tionis
257 932 487 975 Dominiee
518 921 760 974 millesimo
787 931 1100 975 ducentesimo
1144 932 1451 987 octuagesimo
1478 933 1653 988 quinto.

97 1002 265 1046 scilicet
297 1002 472 1045 decimo
500 1002 718 1045 kalendas
744 1002 856 1058 julii,
883 1002 1068 1045 domino
1105 1002 1315 1058 Philippo
1341 1017 1445 1058 rege
1472 1004 1661 1047 Franco·

97 1086 199 1115 rum
225 1076 457 1128 regnante,
490 1086 569 1116 nos
598 1071 910 1127 Berengarius‚
943 1072 1237 1116 miseracione
1279 1073 1438 1116 divina
1464 1074 1659 1130 Magalo-

97 1156 151 1186 ne
171 1142 248 1186 isis
270 1143 527 1199 egfscwpus,
548 1144 833 1186 attendentes
849 1146 893 1186 et
914 1144 1252 1186 considerantes
1269 1144 1429 1187 fideles
1451 1144 1658 1188 homines

98 1218 220 1256 nostr
235 1229 272 1256 Η
293 1214 428 1256 Vallis
454 1217 605 1256 nwstre
625 1214 996 1257 Montisierrandi
1017 1214 1238 1257 meruisse
1258 1215 1345 1257 sibi
1365 1228 1392 1257 a
1407 1215 1535 1258 nobis
1558 1215 1658 1258 fieri
1715 1257 1721 1262 .

94 1284 263 1339 gratias
289 1283 613 1339 infrascriptas,
645 1287 687 1326 et
708 1284 850 1326 eciam
897 1284 1156 1339 ampliores,
1187 1288 1370 1340 propter
1398 1286 1539 1327 multa
1566 1300 1662 1329 sei-2

97 1353 210 1397 vitia
233 1356 362 1409 grata
380 1354 438 1397 ab
466 1353 579 1409 ipsis
607 1355 736 1396 nobis
763 1358 808 1396 et
831 1355 993 1397 nostris
1033 1355 1430 1413 predecessoribus
1457 1356 1661 1400 exhibita

99 1422 175 1483 [et]
203 1437 384 1480 semper
404 1423 563 1466 fideles
591 1425 635 1466 in
655 1425 868 1467 omnibus
900 1425 1160 1473 extit-e1·unt;
1181 1428 1225 1467 et
1240 1425 1493 1480 specialiter
1519 1429 1563 1468 et
1583 1441 1660 1469 ex-

96 1495 290 1551 pressim
310 1497 494 1551 propter
516 1498 696 1550 gratum
724 1508 775 1537 ae
802 1498 1108 1551 spontaneum
1131 1496 1391 1542 servicium,
1412 1497 1469 1538 ab
1486 1497 1659 1540 eisdem

95 1558 518 1608 hominibusnobis
546 1579 664 1608 nune
691 1569 735 1608 et
761 1566 978 1608 hactenus
1006 1566 1252 1608 liberaliter
1290 1567 1552 1621 impensum
1580 1582 1660 1623 pro

99 1635 293 1678 utilitate
320 1638 477 1678 nostra
502 1639 547 1678 et
572 1636 862 1692 episcopatus
884 1637 1038 1679 nostri:

161 1706 332 1753 [dcirca
356 1706 458 1762 (sie)
486 1706 532 1748 in
561 1707 724 1749 horum
774 1708 1023 1763 quamdam
1054 1709 1529 1763 recompensacionem
1581 1723 1659 1752 seu

99 1776 465 1825 retribucionem‚
497 1790 578 1833 per
605 1790 684 1820 nos
712 1779 755 1819 et
781 1791 942 1820 omnes
966 1782 1140 1820 nostros
1169 1792 1450 1822 successores
1491 1781 1661 1835 episco-

99 1860 182 1903 pos
209 1847 577 1902 Magalononses‚
611 1848 727 1890 bona
756 1847 844 1889 sido
891 1853 936 1890 et
961 1850 1175 1891 omnibus
1220 1849 1323 1892 hinc
1353 1851 1535 1892 remotis
1580 1865 1659 1893 seu

100 1918 313 1967 exclusis,
345 1917 512 1973 quibus
539 1918 620 1960 hec
648 1918 935 1973 infrascripta
975 1923 1158 1974 possent
1186 1923 1388 1975 tempore
1416 1921 1567 1977 aliquo
1595 1936 1662 1964 re-

102 1989 274 2034 vocari,
306 1988 546 2036 donamus,
580 1989 770 2030 facimus
799 1993 839 2030 et
867 1990 1158 2031 concedimus
1186 1991 1316 2033 vobis
1343 1991 1584 2034 Guillelmo
1606 1992 1660 2033 de

100 2059 317 2101 Triatorio
347 2061 391 2101 et
415 2059 626 2113 magistro
649 2060 890 2102 Guillelmo
917 2060 973 2102 de
1014 2061 1151 2102 Turre
1175 2062 1350 2117 notario
1397 2062 1663 2118 Vallispre-

102 2129 218 2172 dlete
247 2129 543 2184 presentibus.
578 2130 900 2185 stipulantibus
924 2134 967 2173 et
1007 2131 1328 2193 recipientibus
1356 2146 1436 2188 pro
1464 2133 1592 2175 vobis
1619 2138 1663 2176 et

105 2204 194 2243 to'a
223 2201 516 2242 u.1'vei·.ssst;1i2
562 2201 766 2242 omnium
796 2206 838 2243 et
888 2202 1170 2256 singulorum
1198 2203 1432 2245 hominum
1480 2218 1664 2260 presen-

92 2270 222 2318 ‚cium
250 2273 293 2312 et
321 2270 573 2311 futui-orum
613 2271 752 2325 ipsius
783 2261 921 2313 Vallzs
975 2273 1186 2327 predicte,
1217 2273 1427 2315 videlicet
1476 2275 1657 2328 gratias,

16 2334 38 2390 J
104 2341 336 2383 libertates
363 2354 442 2382 seu
471 2340 782 2383 immunitates
813 2342 1133 2397 infrascriptas:

166 2410 483 2466 Seleslquod
524 2412 627 2452 dein
657 2427 736 2467 eps
779 2413 927 2454 nullus
954 2416 1111 2468 captus
1157 2414 1382 2456 dictorum
1426 2415 1664 2459 hominum

106 2482 247 2524 Vallis
271 2482 466 2536 pre-dcte
490 2482 749 2524 detineatur
777 2482 821 2524 in
850 2483 973 2525 curia
1002 2487 1156 2526 nostra
1181 2484 1560 2541 Montissermndi,
1585 2501 1665 2529 seu

108 2553 211 2595 alibss
247 2552 359 2593 nli-a
383 2551 741 2606 jurislictionem
771 2554 886 2595 dicte
916 2554 1055 2595 Vallis
1083 2568 1162 2609 pro
1189 2555 1455 2599 criminibus
1482 2570 1559 2599 seu
1601 2557 1663 2600 fo-

109 2621 240 2665 restis
268 2635 295 2664 a
322 2621 530 2677 predictis
560 2623 821 2666 hominibus
874 2624 1013 2667 Vallis
1042 2625 1239 2680 predicte
1266 2627 1536 2675 commissis,
1579 2629 1664 2671 nisi

110 2693 212 2736 talis
239 2691 506 2748 delinquens
534 2697 654 2735 esset
675 2698 857 2749 propter
882 2695 1097 2736 delictum
1124 2708 1256 2737 suum
1283 2697 1526 2740 tradendus
1549 2712 1667 2741 mor-

113 2764 159 2811 ti,
190 2763 263 2806 vel
307 2762 400 2818 pati
427 2763 611 2805 deberet
662 2765 970 2807 membrorum
1021 2766 1368 2814 mutilationem,
1417 2768 1665 2812 dummodo

111 2833 255 2889 possit
279 2833 387 2875 dare
414 2833 707 2888 fich'ussores
751 2836 964 2890 ydoneos.
997 2837 1050 2878 Et
1090 2837 1172 2878 hec
1209 2839 1497 2879 concedimus
1527 2840 1670 2894 inqui-
