2040 3404
798 342 850 348 -
879 301 994 361 1689
1023 344 1077 351 -

162 419 599 462 successoribustuis
617 424 657 461 et
689 423 864 464 vestris.
885 427 926 465 et
954 424 1120 480 quibus
1147 424 1440 469 donaveritis,
1461 423 1722 466 dimiseritis

161 490 217 532 ad
238 503 396 533 omnes
418 490 672 533 voluntates
697 497 866 535 vestras
896 499 1236 550 vestrorumque
1266 494 1463 550 plenarie
1492 495 1535 536 in
1566 494 1656 536 vita
1683 497 1722 535 et

162 561 208 602 in
235 563 380 603 morte
407 560 652 606 faciendas,
686 564 851 606 scilicet
873 578 1054 607 omnem
1084 579 1292 608 mansum
1322 569 1365 607 et
1390 578 1571 607 omnem
1601 578 1725 607 man-

162 644 313 674 suram
341 631 396 674 de
424 632 653 674 Botoneto.
698 648 797 676 cum
846 636 1106 678 bominibus
1133 640 1175 678 et
1224 636 1417 683 feminis,
1451 636 1721 682 feudalibus,

163 702 390 751 hominiis,
419 704 617 745 usaticis.
663 705 820 748 vineis.
853 708 987 761 agris.
1038 708 1253 754 serviciis,
1285 707 1472 764 quartis.
1515 706 1722 753 ocheriis,

160 773 402 830 alberguis,
434 775 662 817 dominiis.
695 777 1091 826 dominationibus,
1140 778 1510 825 districtionibus
1545 777 1728 820 firman-

159 846 239 888 ciis
263 844 468 900 justiciis,
498 845 897 900 jurisdictiodibus.
934 850 1068 891 toltis.
1100 850 1277 904 quistis.
1309 848 1556 904 cxplechis,
1587 848 1729 890 consi-

160 916 231 959 liis
247 917 495 965 laudimiis,
513 918 723 960 civilibus
738 920 1015 973 pcccunariis
1031 921 1220 962 delictis.
1239 920 1549 962 criminalibus
1562 919 1723 963 causis.

217 988 270 1031 Et
296 988 613 1031 universaliter
639 991 791 1031 omnia
819 995 861 1032 et
896 992 1072 1045 singula
1098 1006 1184 1047 que
1213 1005 1294 1046 ego
1323 991 1394 1032 vel
1422 994 1727 1033 antecessores

136 1060 248 1102 ‘mei
276 1059 534 1108 habuimus,
568 1061 795 1102 tenuimus
825 1062 892 1102 vel
938 1063 1019 1104 visi
1051 1063 1218 1104 luimus
1247 1062 1458 1104 habuisse
1491 1058 1533 1103 ct
1560 1060 1728 1102 tenuis-

158 1145 221 1179 se,
251 1131 324 1174 vel
351 1131 515 1187 aliquis
543 1145 622 1187 per
649 1145 729 1174 nos
757 1147 832 1174 seu
862 1134 1237 1188 contemplatione
1268 1137 1432 1175 nostra:
1483 1133 1552 1175 vel
1583 1132 1727 1188 potui-

158 1217 260 1246 mus
288 1203 359 1245 vel
380 1215 623 1258 possumus
650 1204 800 1258 aliquo
824 1206 956 1247 modo
979 1205 1189 1247 habuisse
1220 1205 1287 1246 vel
1339 1204 1533 1246 tenuisse
1564 1205 1607 1244 in
1637 1206 1726 1245 toto

159 1273 415 1330 supradicto
443 1287 616 1321 manso,
648 1279 692 1317 et
739 1275 781 1316 in
809 1276 1020 1318 omnibus
1048 1290 1135 1331 que
1174 1277 1229 1317 ad
1260 1288 1469 1318 mansum
1498 1275 1729 1331 supradic-

161 1352 255 1391 tum
284 1347 356 1390 vel
388 1359 651 1389 mansuram
678 1347 915 1402 pertinent:
947 1350 989 1389 ct
1034 1361 1191 1389 omnes:
1237 1348 1450 1395 actiones,
1489 1346 1728 1402 petitiones

159 1419 231 1462 vel
259 1417 611 1474 prosecutiones,
642 1418 794 1460 omnia
820 1419 956 1459 etiam
984 1419 1081 1473 jura
1110 1418 1338 1460 ordinaria
1378 1418 1445 1458 vel
1483 1417 1729 1459 extraordi-

160 1490 300 1538 naria,
332 1489 514 1532 nomine
541 1502 693 1531 rerum
720 1489 1034 1545 principalium
1065 1490 1130 1531 vel
1160 1489 1483 1531 accessionum.
1521 1502 1607 1543 que
1648 1488 1729 1528 mi-

158 1561 230 1604 chi
250 1563 514 1617 competunt
541 1561 611 1602 vel
648 1564 901 1616 competere
931 1564 1132 1615 possunt.
1184 1560 1364 1602 nomine
1399 1560 1469 1602 vel
1498 1558 1728 1601 occasione

160 1633 307 1675 mansi
335 1632 407 1674 vel
435 1644 662 1679 mansure,
696 1633 764 1673 vel
793 1632 993 1673 serviciis
1021 1645 1190 1673 eorum.
1221 1634 1261 1673 et
1299 1630 1551 1686 specialiter
1577 1632 1729 1671 contra

159 1704 348 1747 heredes
391 1704 621 1759 quondam
667 1703 894 1746 Guillclmi
922 1702 1224 1756 Atlhalguvrii.
1275 1716 1351 1744 seu
1380 1705 1530 1744 contra
1571 1713 1727 1742 omncs

159 1775 285 1825 alios,
319 1774 408 1817 sint
430 1774 609 1821 milites,
643 1774 712 1816 vel
742 1774 892 1816 rustici
924 1774 992 1815 vel
1029 1774 1121 1820 alii;

221 1847 274 1889 Et
300 1846 568 1889 nominatim
613 1846 845 1900 albergam
873 1848 1053 1886 centum
1084 1845 1317 1886 militibus.
1367 1858 1466 1885 vum
1496 1839 1642 1885 civa'ta
1684 1845 1720 1883 el

162 1917 331 1960 disnari
358 1917 403 1959 in
430 1917 639 1963 crastino,
670 1922 758 1973 que
805 1917 993 1958 heredes
1021 1916 1249 1957 Guillelmi
1278 1915 1567 1967 Adlialguerii
1592 1901 1725 1954 michi

163 1991 207 2031 et
228 1989 344 2045 patri
372 2002 474 2031 meo
502 1989 766 2044 prestabant
795 1991 837 2029 ot
865 1991 1062 2042 prestare
1095 1988 1363 2029 tenebantur
1391 2000 1469 2040 pro
1498 1984 1727 2039 supradic-

165 2063 209 2104 to
236 2073 411 2103 manso.

222 2132 276 2174 Et
301 2133 336 2174 si
366 2133 488 2188 quod
508 2132 593 2188 Jus,
631 2132 699 2174 vel
730 2132 963 2173 rationem.
996 2130 1059 2171 vel
1085 2130 1321 2175 usaticum,
1356 2128 1423 2170 vel
1453 2127 1724 2171 dominium.

167 2204 239 2246 vel
267 2203 637 2253 dominationem,
668 2202 736 2244 vel
765 2202 1019 2243 consilium.
1046 2201 1114 2241 vel
1146 2201 1485 2243 laudamentum
1516 2200 1728 2254 imposte-

163 2289 264 2318 rum
293 2278 341 2317 tu
364 2275 433 2317 vel
463 2275 526 2317 tui
552 2275 610 2317 ab
638 2274 881 2316 heredibus
922 2273 1149 2314 (luillelmi
1179 2271 1434 2325 Adalguerii
1478 2269 1728 2324 acquisive-

162 2347 260 2389 ritis
287 2347 360 2389 vel
381 2347 612 2403 acquirere
642 2345 859 2402 poteritis,
894 2345 959 2384 vel
990 2358 1015 2384 a
1059 2343 1421 2399 quibuscumque
1449 2342 1549 2384 aliis
1578 2342 1729 2383 militi-

163 2420 264 2466 bus,
294 2418 366 2460 vel
391 2417 567 2460 rusticis
596 2418 666 2460 x'el
695 2417 810 2459 aliis.
838 2416 942 2457 illud
971 2418 1187 2470 perpetuo
1214 2414 1352 2467 gratis
1381 2413 1561 2468 penitus
1597 2413 1728 2454 laudo

165 2504 245 2546 per
274 2503 343 2532 tue
371 2492 411 2531 et
444 2503 521 2544 per
546 2501 704 2530 omncs
734 2500 1014 2530 successores
1045 2499 1168 2527 meos
1196 2485 1392 2527 concedo
1420 2487 1457 2524 et
1489 2484 1722 2526 confirmo.

224 2561 276 2603 Et
314 2575 395 2616 pro
439 2561 651 2603 omnibus
679 2559 949 2614 supradictis
995 2560 1032 2599 ct
1083 2557 1288 2611 singulis.
1321 2559 1411 2597 tam
1443 2555 1726 2611 presentibus

164 2645 301 2688 quam
324 2632 501 2679 futuris,
529 2635 574 2673 tu
604 2631 853 2674 Raimunde
885 2630 1134 2671 Lamlwrlc.
1162 2631 1202 2669 et
1234 2627 1292 2668 lui
1325 2626 1494 2668 iacietis
1524 2625 1655 2667 miclii
1685 2630 1725 2666 et

166 2704 293 2751 meis,
323 2704 454 2746 anuis
482 2704 672 2757 singulis
700 2700 983 2742 solummodo
1012 2700 1244 2753 albei-gum
1265 2699 1464 2754 quinque
1492 2697 1723 2743 militibus,

166 2775 336 2818 scilicet
375 2775 689 2818 tantummodo
712 2788 762 2814 co
790 2786 906 2813 {inno
935 2784 1023 2825 quo
1069 2784 1150 2824 ego
1180 2770 1468 2825 postulavero
1510 2769 1576 2809 vel
1622 2768 1722 2809 mci.

226 2846 280 2888 Et
305 2846 387 2888 hec
401 2846 555 2888 omnia
583 2844 842 2900 supradicta
870 2846 911 2883 et
933 2842 1125 2896 singula,
1153 2841 1310 2882 faciam
1347 2844 1385 2881 te
1415 2844 1452 2880 el
1486 2843 1585 2881 tuos
1613 2852 1728 2880 sem-

171 2930 250 2972 per
277 2918 444 2959 habere
474 2921 516 2959 ct
555 2919 703 2958 tenere
734 2915 884 2969 quiete
913 2916 950 2954 et
982 2913 1038 2954 ab
1066 2913 1186 2953 omni
1229 2912 1557 2953 ‹·o11t1·a‹li(,·cnl‹=
1588 2910 1729 2951 liomi-

166 3001 222 3031 ne
249 2991 293 3031 et
318 2987 489 3031 [emina
517 2987 663 3030 modis
690 2985 901 3027 omnibus
930 2983 1186 3026 defendam.
