2040 3404
744 179 994 229 --547-ἡ

95 290 194 347 ejus
220 291 421 340 concilio,
453 292 667 339 dominio,
699 292 931 341 laudimio,
963 295 1006 334 et
1032 291 1116 334 suh
1143 303 1293 333 annuo
1319 303 1471 338 censu,
1501 303 1639 332 annu-

97 361 207 404 atim
233 362 350 405 dicto
388 363 572 405 domino
624 363 716 417 regi
767 363 1023 418 prestando,
1054 361 1235 404 terciam
1287 363 1459 416 partem
1509 359 1642 402 unius

96 432 215 475 oboli
240 433 379 481 aurei,
399 433 444 475 in
470 433 584 475 festo
612 433 751 476 sancti
772 433 1002 476 Michaelis
1023 431 1307 488 septembris,
1334 431 1632 487 infrascripta:

96 501 304 546 videlicet
324 504 506 546 terciam
548 507 721 559 partem
769 517 1031 546 mansorum
1063 504 1118 545 de
1169 502 1462 549 Condamina,
1494 505 1538 544 et
1587 502 1642 543 dc

95 572 326 623 Heuseria,
357 577 401 617 et
432 577 652 617 terrarum
697 574 898 618 omnium
945 577 985 616 et
1038 573 1366 630 pocessionum‚
1396 573 1452 615 ad
1503 572 1643 614 dictos

96 656 276 687 mansos
326 645 663 701 pertinentium3
718 645 796 702 qui
824 645 928 688 dicti
969 645 1114 688 mansi
1167 647 1271 687 sunt
1297 644 1342 686 in
1398 642 1642 700 parrochiis

96 714 246 759 Sancti
275 716 453 758 Martini
479 716 535 759 de
563 715 916 772 Santayranicis3
966 719 1096 772 prout
1123 716 1240 758 dicta
1265 715 1402 758 tercia
1445 728 1564 770 pam,
1595 716 1644 756 ut

94 785 222 835 dixit,
253 790 321 829 est
347 787 588 830 terminata
613 790 657 829 et
689 786 851 835 divisa,
906 790 950 829 et
976 787 1191 843 quicquid
1219 774 1356 829 habet
1399 785 1516 828 inira
1541 798 1643 828 con-

92 855 386 899 frontationes
414 858 530 900 dicte
557 858 690 900 tercie
719 857 872 912 partis.

149 927 259 969 Item
289 929 545 983 recognovit
590 928 837 984 quamdam
888 931 1064 983 partem
1091 927 1328 983 cujusdam
1380 927 1480 974 orti,
1535 940 1637 968 cum

92 998 332 1041 medietate
382 998 616 1054 cujusdam
654 998 809 1055 puthei
835 998 898 1040 ibi
941 998 1059 1046 facti,
1092 1001 1223 1054 prout
1273 999 1391 1040 dicta
1417 1012 1521 1054 pars
1573 997 1640 1040 est

89 1068 237 1111 divisa
262 1073 306 1111 et
334 1070 571 1112 terminata
600 1083 678 1125 per
726 1070 955 1117 terminos,
1004 1083 1106 1111 cum
1135 1069 1228 1111 suis
1257 1069 1546 1111 introhitibus
1597 1071 1640 1110 et

90 1139 305 1182 exitibus.

149 1211 260 1253 Item
288 1212 576 1254 medietatem
621 1212 856 1268 cujusdam
908 1212 1082 1254 roverie
1128 1211 1274 1254 mansi
1301 1211 1355 1253 de
1406 1210 1635 1265 Heuseria,

89 1293 193 1324 cum
219 1285 338 1325 terra
364 1282 408 1323 in
437 1295 528 1338 qua
549 1286 630 1330 est,
686 1296 845 1324 versus
873 1283 1039 1324 dictam
1067 1282 1250 1324 terciam
1279 1284 1453 1338 partem
1504 1281 1642 1323 dicto-

91 1366 190 1394 rum
219 1366 495 1401 mansorum,
526 1353 657 1396 certis
698 1353 867 1396 tinibus
912 1353 1217 1401 terminatam,
1249 1356 1297 1395 ut
1323 1353 1499 1401 dicitum
1552 1365 1640 1408 que

92 1423 211 1466 dicta
237 1426 352 1466 terre
381 1437 483 1479 pars
529 1424 749 1466 dictorum
797 1437 1060 1467 mansorum
1111 1423 1418 1466 confrontatur
1444 1437 1501 1466 ex
1550 1436 1642 1464 una

90 1497 216 1550 parte
242 1507 344 1537 cum
371 1495 547 1537 duabus
574 1495 674 1537 aliis
701 1495 920 1550 partibus,
951 1498 996 1537 et
1022 1508 1080 1538 ex
1106 1494 1195 1537 alia
1220 1507 1323 1537 cum
1349 1494 1547 1550 ripperia
1584 1495 1639 1536 dc

91 1565 365 1614 Brcstalono,
396 1568 441 1608 et
466 1579 523 1608 ex
549 1566 640 1610 alia
663 1579 767 1609 cum
790 1566 866 1609 via
885 1579 977 1623 qua
1002 1566 1090 1609 itur
1116 1566 1171 1609 de
1199 1565 1459 1623 Vacqucriis
1481 1578 1640 1609 versus

88 1634 304 1694 Alayrac.

150 1708 259 1750 Item
277 1710 470 1764 quatuor
483 1707 649 1751 solidos
665 1711 709 1750 et
720 1711 913 1764 quatuor
926 1707 1134 1750 denarios
1149 1710 1427 1756 turonenses,
1441 1710 1484 1749 et
1497 1720 1641 1749 unum

90 1779 363 1833 operarium,
394 1781 437 1821 et
462 1779 746 1827 laudimium,
778 1779 1038 1833 homagium
1084 1792 1171 1834 que
1199 1778 1334 1820 hahet
1359 1781 1403 1819 et
1452 1778 1640 1833 percipit

90 1849 235 1891 dictus
261 1849 418 1892 Petrus
446 1849 490 1891 in
519 1853 634 1892 terra
658 1849 873 1893 Johauuis
900 1848 1061 1892 Bedos.

150 1921 260 1964 Item
289 1920 396 1963 IIIIor
422 1921 643 1969 denarios,
674 1934 776 1962 cum
804 1921 1005 1963 dominio
1032 1923 1075 1962 et
1101 1920 1336 1969 laudimio,
1361 1934 1474 1977 quos
1502 1920 1640 1963 donat

92 1992 389 2048 Raymundus
410 1992 568 2033 Vitalis
597 2006 675 2047 pro
697 1991 826 2033 terris
860 2005 973 2047 quas
1001 1994 1122 2033 tenet
1148 1991 1207 2034 ab
1233 2005 1299 2050 eo..

148 2062 256 2104 Item
284 2062 521 2104 duodecim
551 2063 758 2104 denarios
784 2075 886 2104 cum
929 2062 1129 2104 dominio
1174 2065 1218 2104 et
1244 2061 1475 2109 laudim-io‚
1524 2076 1637 2119 quos

92 2133 132 2175 ei
161 2134 297 2175 donat
324 2136 368 2175 et
393 2133 500 2175 dare
527 2136 705 2175 tenetur
732 2134 984 2175 Bernardus
1035 2133 1284 2179 Bertrandi,
1317 2147 1396 2188 pro
1440 2133 1635 2189 quadam

92 2208 208 2246 terra
233 2217 371 2260 quam
398 2204 455 2246 ab
481 2217 533 2246 eo
562 2207 697 2252 tenet,
723 2208 768 2246 et
795 2206 934 2246 totam
963 2205 1242 2251 servitutem,
1274 2207 1317 2245 et
1343 2204 1572 2259 splecham
1595 2207 1638 2245 et

96 2275 355 2330 pasturalia‚
410 2288 546 2331 quam
593 2275 730 2317 habet
756 2275 802 2316 in
837 2275 966 2322 terris
993 2288 1106 2331 quas
1150 2277 1304 2316 tenent
1330 2277 1373 2315 et
1408 2274 1639 2329 possident

92 2345 344 2387 Bernnrdus
371 2345 602 2388 Bertrandi
630 2349 674 2387 et
698 2346 923 2388 Johannes
952 2344 1112 2386 Bedos.

151 2415 244 2467 Que
267 2416 468 2472 predicta
493 2417 647 2458 omnia
673 2420 883 2459 tenentur
909 2417 993 2459 sub
1025 2416 1141 2460 dicto
1167 2429 1305 2459 censu
1333 2416 1466 2459 tercie
1495 2417 1635 2472 partis

92 2486 197 2529 dicti
223 2487 344 2529 oboli
376 2487 513 2529 aurei.

150 2557 291 2609 Quam
338 2558 690 2613 recognicionem
743 2558 930 2614 predicti
958 2559 1129 2600 domini
1175 2562 1451 2613 receperunt,
1507 2561 1657 2601 salvo.

90 2629 187 2683 jure
215 2629 259 2670 in
286 2629 499 2671 omnibus
522 2633 566 2672 et
592 2643 672 2684 per
698 2630 851 2671 omnia
876 2629 1044 2672 domini
1073 2630 1212 2672 nostri
1242 2629 1371 2684 regis.

152 2699 204 2741 Et
224 2699 353 2748 dixit,
383 2700 643 2742 auctoritate
670 2700 738 2742 sui
771 2701 1000 2748 curatoris,
1044 2701 1163 2757 quod
1198 2701 1294 2756 ipse
1322 2701 1457 2743 habet
1502 2702 1561 2742 ibi
1589 2701 1634 2742 in

94 2769 343 2812 r.2dditibus
369 2772 603 2813 annuatim
629 2771 960 2827 quinquaginta
985 2771 1123 2813 libras
1153 2775 1429 2813 turonenses.

154 2840 204 2883 Et
230 2844 385 2896 postea
411 2842 647 2884 extimavit
675 2846 815 2885 totum
845 2842 1029 2885 feudum
1053 2846 1096 2884 et
1122 2842 1210 2885 alia
1237 2843 1633 2898 trigintaquinque
