2040 3404
809 355 1058 398 —8253-

158 462 331 510 deritis‚
362 461 523 503 iterum
546 462 767 504 constituo
796 476 901 511 me„
924 467 1064 505 cestro
1087 466 1127 505 et
1157 458 1348 505 Ecclesic
1376 463 1707 517 Magalonensis

159 533 358 580 nomine,
389 545 416 575 a
442 532 572 574 vobis
601 534 802 588 prm-ario
844 535 1089 589 possidere.
1150 534 1320 576 nullam
1374 534 1706 589 possessionem

158 618 296 660 penes
323 616 395 646 me
423 603 494 645 vel
524 618 646 646 meos
674 605 960 659 aliquatenus
988 606 1221 651 retinente,
1259 605 1331 647 vel
1383 605 1518 647 etiam
1564 618 1707 647 renia-

159 678 308 722 nente‚
339 674 647 717 disvestiendo
676 675 778 717 inde
807 676 985 730 penitus
1027 689 1097 717 me
1125 679 1169 718 et
1199 689 1337 718 meos.
1364 690 1444 718 vos
1472 680 1515 718 et
1558 677 1708 730 Maga-

158 746 393 789 lonensem
422 745 666 788 Ecclesiam
695 746 797 787 inde
828 746 1025 801 plenarie
1055 747 1304 794 vestiendo,
1335 750 1377 789 et
1404 747 1450 788 in
1496 747 1708 802 predictis

161 830 242 859 vos
263 816 497 859 dominum
521 819 563 858 et
593 820 925 871 procuratorem
952 818 1189 860 constituo.
1221 821 1268 859 ut
1298 817 1341 859 in
1364 817 1591 872 propriam
1616 831 1708 859 rem

158 890 373 931 vestram:

218 959 271 1001 Et
297 972 384 1001 non
413 958 495 1000 l'eci
525 972 605 1001 nec
634 958 809 1001 luciam.
842 973 921 1001 nec
943 960 1094 1015 aliquo
1121 959 1208 1001 alio
1231 960 1364 1001 modo
1393 959 1486 1001 fieri
1511 972 1587 1001 seu
1620 960 1709 1014 dici

158 1029 450 1072 consentiam.
482 1030 635 1071 verbo.
668 1043 801 1084 opere
831 1030 901 1071 vel
925 1030 1053 1072 lacto.
1081 1044 1161 1085 per
1188 1044 1258 1072 ine
1286 1030 1357 1072 vel
1397 1030 1550 1077 alium,
1600 1045 1711 1087 quo-

159 1100 308 1143 minus
335 1100 422 1143 ista
447 1100 590 1142 cessio
619 1113 697 1142 seu
726 1101 974 1155 redemptio
1005 1101 1141 1156 possit
1173 1101 1397 1156 impediri.
1441 1101 1511 1142 vol
1545 1101 1710 1144 habeat

157 1171 330 1215 roboris
351 1171 628 1214 firmitatem:
663 1185 766 1226 ymo
782 1172 933 1213 omnia
955 1175 992 1213 et
1024 1172 1199 1224 sinmila
1216 1172 1485 1227 supradicta.
1509 1176 1555 1214 ut
1578 1185 1710 1227 supe-

160 1242 254 1285 rius
281 1243 400 1285 dicta
426 1245 529 1284 sunt
557 1247 600 1285 et
646 1245 812 1286 notata.
844 1246 884 1284 et
915 1243 1076 1284 melius
1117 1257 1193 1285 svn
1223 1243 1376 1284 utilius
1403 1243 1504 1286 diei.
1535 1243 1707 1286 dictari.

160 1313 325 1361 vocari,
350 1313 537 1368 intelligi
590 1327 667 1355 sen
697 1314 939 1367 excogitari
965 1317 1148 1368 possunt
1190 1315 1244 1356 al)
1295 1314 1443 1368 aliquo
1489 1314 1706 1369 sapiente.

163 1385 219 1428 ad
264 1388 462 1428 vestram
511 1382 587 1442 [et]
617 1385 947 1439 Magalonensis
975 1385 1166 1427 Evclesie
1213 1385 1452 1427 utilitatem
1500 1385 1710 1440 promitto

160 1455 306 1504 vobis,
330 1456 447 1498 dicto
475 1455 657 1497 domino
685 1456 893 1511 episcopo
934 1456 1242 1510 sollempniter
1285 1456 1534 1511 stipulanti,
1567 1456 1710 1499 lacere

161 1530 326 1578 tenere,
359 1527 582 1582 complere
611 1530 653 1569 et
679 1527 1001 1568 inviolabiliter
1027 1527 1284 1569 observare:

221 1598 506 1641 Renuncians
534 1612 671 1653 snper
698 1598 1041 1653 predictisjuris
1068 1601 1108 1639 et
1153 1597 1253 1639 l'acti
1307 1596 1611 1654 i1g‘lnorancie,
1670 1602 1713 1639 et

161 1670 283 1712 omni
312 1670 564 1725 exceptioni
593 1670 647 1710 (le
676 1669 778 1711 dolo
805 1672 847 1711 et
875 1669 919 1710 in
950 1669 1130 1711 t'actnm.
1161 1672 1203 1710 et
1231 1669 1354 1710 omni
1382 1669 1455 1710 alii
1500 1669 1585 1723 juri
1634 1683 1712 1724 per

161 1741 283 1796 quod
310 1743 464 1783 contra
491 1740 691 1796 predicta
719 1740 788 1781 vel
818 1740 986 1794 aliquid
1018 1740 1317 1794 predictorum
1336 1740 1488 1781 venire
1507 1753 1702 1795 possem,

162 1811 233 1853 vel
263 1825 333 1853 me
360 1811 516 1866 juvare
547 1811 590 1852 in
619 1811 785 1865 aliquo,
817 1811 1057 1851 defendere
1086 1824 1164 1850 seu
1195 1810 1320 1851 tueri:

223 1883 274 1925 Et
294 1883 375 1924 hec
395 1883 548 1924 omnia
575 1886 618 1924 ct
645 1882 820 1936 singula
847 1882 1100 1936 supradicta
1126 1881 1336 1936 promitto
1364 1881 1507 1922 vobis.
1562 1882 1705 1923 ‹lomi-

147 1958 220 1997 'uo
246 1954 459 2010 episcopo
486 1953 741 2009 supradicto
769 1953 1078 2007 sollempniter
1105 1952 1352 2007 stipulanti.
1380 1952 1521 1994 faci-rc
1541 1956 1704 1996 tenere.

164 2024 389 2080 complere
417 2028 460 2067 et
486 2037 720 2081 nunquam
742 2024 1065 2066 contravenire.
1099 2021 1203 2080 Sile]
1228 2024 1346 2065 Deus
1398 2036 1468 2064 mc
1520 2023 1706 2078 atljnvet

162 2099 206 2138 et
234 2109 335 2138 mea
365 2096 481 2138 bona
510 2095 623 2137 fides
652 2095 836 2150 plevita.

222 2168 333 2209 Acta
360 2166 542 2210 luerunt
568 2167 648 2208 hec
676 2166 859 2207 Terralli
888 2166 1002 2207 circa
1030 2165 1238 2220 primani,
1271 2165 1315 2206 in
1361 2165 1494 2206 domo
1546 2165 1715 2220 episco—

164 2238 268 2293 pali,
299 2238 583 2294 presentibus
623 2236 1076 2291 ‹3t1·‹;›gatistestil›iis
1127 2236 1322 2277 dominis
1374 2235 1614 2278 Guillelmo
1658 2237 1712 2277 ‹le

163 2309 396 2352 Mirabello
421 2309 635 2352 canonico
663 2307 984 2361 Magalonensi.
1011 2307 1252 2348 (luillelmo
1278 2307 1333 2348 dc
1362 2306 1490 2348 Ulmo
1544 2310 1713 2349 rectore

165 2380 349 2422 ecclesie
373 2380 523 2423 Sancti
551 2379 731 2421 Geraldi
760 2377 950 2420 diocesis
1005 2378 1296 2425 Loilovensis,
1352 2377 1568 2431 magistro
1616 2379 1716 2419 Ber-

167 2451 307 2493 nardo
333 2451 388 2493 dc
411 2450 595 2506 Asperis
624 2453 790 2491 rectore
819 2449 1002 2490 ecclesie
1033 2448 1182 2490 Sancti
1211 2449 1390 2490 Mai-tini
1418 2448 1472 2490 de
1516 2448 1715 2490 Scaliaco

167 2521 358 2564 diocesis
385 2521 732 2577 Magalonensis.
758 2523 797 2561 et
831 2533 898 2561 mc
954 2520 1179 2561 Bel-nardo
1231 2519 1484 2563 Fulcranni.
1538 2519 1717 2574 publico

170 2592 481 2648 Magalonensi
532 2592 721 2634 notario.
753 2591 827 2646 qui
867 2590 1108 2632 mandatus
1161 2593 1204 2632 et
1232 2593 1411 2644 rogatus
1438 2590 1519 2632 hec
1568 2590 1721 2633 omnia

169 2663 328 2719 scripsi
356 2667 400 2706 ct
451 2663 495 2705 in
522 2663 638 2705 hanc
686 2662 878 2703 formam
929 2660 1156 2715 publicam
1205 2661 1357 2716 redegi
1379 2664 1419 2704 et
1468 2661 1593 2716 signo
1620 2674 1721 2703 meo

167 2733 373 2790 sequenti
401 2733 589 2789 signavi.

1075 2884 1172 2923 (neg.
1192 2885 1230 2915 A.
1251 2884 1309 2916 101.
1332 2884 1392 2916 309
1407 2886 1466 2923 νο).
