2107 3404
728 199 782 235 ’-
810 203 978 247 281⁸-

69 321 175 353 mus
199 308 366 359 Franc,
415 314 458 354 et
485 311 643 355 Petrus
667 312 848 360 Juliani,
882 317 927 356 et
947 312 1107 358 Petrus
1155 311 1280 358 iilius
1324 313 1542 374 ,Deufons
1570 315 1629 360 de

3 429 7 433 ¹
36 413 42 417 .
69 380 271 429 Arsacio,
301 381 349 423 in
392 381 592 438 quadam
635 382 816 438 garriga
840 387 1000 427 vocata
1033 381 1162 427 Plan
1206 381 1262 427 de
1289 382 1422 443 l'eqa,
1475 386 1532 430 ad
1557 386 1631 443 jus

69 449 255 493 ecclesie
283 451 483 507 predicte
511 451 663 495 Sancti
690 452 923 497 Vincencii
951 456 1197 510 spectante,
1230 455 1400 499 dIetum
1427 455 1626 513 priorem

0 555 3 560 .
69 522 114 562 et
139 520 323 563 clericos
351 534 457 567 suos
478 524 523 565 et
548 522 691 565 eciam
718 523 830 567 alios
851 524 907 567 de
928 537 1012 568 sua
1031 523 1220 574 familia,
1243 526 1465 570 violenter
1486 527 1631 570 eciam

0 595 16 638 ζ-’
66 589 229 646 gladiis
279 592 530 647 evaginatis
557 596 602 636 et
640 594 781 637 armis
808 594 1012 643 elevatis,
1066 594 1154 639 nisi
1198 594 1381 639 fuerunt
1429 594 1487 640 de
1513 595 1633 640 dicta

66 660 243 717 garriga
268 662 510 718 expellere,
540 664 850 720 impugnando
877 664 1016 721 ipsos,
1043 668 1088 708 et
1113 679 1195 723 per
1233 666 1505 711 violenciam
1543 665 1633 711 huc

0 719 7 778 s
65 733 112 774 et
136 731 242 774 illuc
269 732 504 782 trahendo;
536 733 740 777 volentes
766 747 871 777 cum
898 736 1009 792 ipsis
1035 737 1175 780 armis
1201 738 1246 780 et
1269 736 1432 793 gladiis
1458 736 1631 780 dictum

0 797 15 838 l*
65 801 279 857 priorem,
310 806 356 846 ct
380 803 564 847 clericos
590 807 635 847 et
661 805 801 848 etiam
827 805 940 849 alios
967 806 1023 849 de
1052 820 1135 850 sua
1179 806 1353 851 familia
1378 810 1627 865 percutere.

0 885 19 929 ἢ·
66 885 210 914 unum
260 873 316 915 de
343 873 519 917 familia
568 875 731 931 prioris
757 876 1127 925 vulneraverunt,
1181 878 1430 921 auferendo
1480 878 1630 921 eidem

0 979 11 984 r
64 941 204 997 priori
231 945 275 985 et
299 943 470 986 familie
498 957 580 987 sue
621 944 745 1000 ligna
770 958 851 1001 per
875 959 952 988 eos
979 946 1134 989 incisa.

123 1012 236 1055 Item
262 1013 579 1057 denunciando
606 1015 833 1070 significat
859 1009 1005 1059 dictus
1027 1016 1149 1073 prior
1167 1016 1305 1074 quod,
1330 1016 1630 1062 incontinenti

11 1107 16 1112 ›
62 1085 166 1138 post
190 1083 419 1138 predicta,·
437 1082 572 1143 [eum]
601 1085 711 1128 dicti
736 1086 887 1130 clerici
911 1089 959 1130 ,et
987 1086 1161 1130 familia
1187 1088 1294 1130 dieti
1321 1087 1486 1144 prioris
1507 1088 1628 1131 redi-

0 1186 5 1188 .
61 1155 164 1196 rent
187 1153 245 1196 ad
265 1155 501 1197 ecclesiam
528 1155 681 1199 Sancti
707 1156 952 1204 Vincencii,
976 1156 1180 1200 obviavit
1205 1158 1356 1201 eidem
1377 1159 1536 1201 Petrus
1560 1157 1623 1202 'de

0 1240 2 1242 ’
61 1223 247 1268 Arsacio
271 1225 436 1280 junior,
467 1240 574 1269 ense
601 1219 841 1282 evaginato
861 1230 1016 1271 contra
1042 1227 1166 1285 ipsos
1206 1229 1252 1270 in
1280 1216 1420 1272 strata
1446 1228 1629 1286 publica

61 1295 110 1339 in
134 1295 230 1339 loco
255 1296 374 1339 dicto
401 1296 597 1352 Campus
626 1295 751 1345 Cros3
779 1298 996 1342 trahendo
1022 1312 1100 1342 eos
1121 1302 1165 1342 et
1193 1299 1420 1347 minando,
1468 1300 1626 1342 abstu—
1659 1320 1663 1322 v

4 1370 29 1418 -5‘
58 1365 115 1410 lit
133 1366 199 1410 eis
225 1380 306 1422 per
331 1367 601 1410 violenciam
623 1368 846 1424 quasdam
868 1381 1009 1411 secas.
1030 1383 1143 1424 quas
1168 1383 1321 1412 secum
1343 1370 1623 1420 deferebant,

60 1441 106 1484 et
129 1438 378 1495 quamdam
404 1437 600 1481 securim
625 1451 728 1480 cum
755 1452 846 1494 qua
881 1437 1004 1495 ligna
1032 1440 1296 1482 inciderant.

122 1510 236 1553 Item
286 1508 604 1551 denunciando
655 1509 876 1564 significat
931 1510 1144 1552 dominus
1172 1511 1294 1565 prior
1342 1511 1480 1568 quod,
1525 1514 1628 1567 post

61 1594 234 1638 paucos
260 1580 358 1623 dies
409 1583 652 1636 postquam
680 1579 881 1635 predicta
931 1580 993 1622 slc
1016 1580 1194 1623 fuerant
1249 1580 1376 1630 ‘'acia,
1410 1581 1622 1625 daminus

23 1699 27 1701 Α
65 1652 324 1707 Rostagnus
352 1652 395 1693 et
445 1649 605 1692 Petrus
632 1663 750 1692 unus
801 1649 1014 1693 dominus
1041 1650 1096 1692 de
1123 1650 1324 1697 Arsacio.
1373 1652 1625 1695 coadunato

61 1721 248 1766 consilio
274 1733 377 1763 cum
423 1720 636 1763 omnibus
664 1719 925 1763 hominihus
953 1721 1007 1763 dc
1060 1721 1259 1770 Arsacio,
1291 1720 1397 1764 fecit
1442 1722 1620 1777 publice

60 1792 333 1850 preconisari
354 1805 435 1847 per
474 1793 673 1833 castrum
694 1791 749 1833 de
776 1791 957 1833 Arsacia-1
1010 1792 1132 1847 quod
1160 1793 1322 1847 niquis
1348 1792 1485 1835 homo
1535 1805 1627 1835 non

60 1865 316 1908 remaneret
341 1863 389 1904 in
415 1862 533 1904 dieto
559 1864 720 1909 castro,
741 1862 821 1904 sed
844 1863 962 1917 quod
985 1875 1144 1904 omnes
1173 1863 1288 1905 irent
1314 1862 1361 1904 in
1391 1863 1506 1904 ‘'ir-‘a
1527 1876 1627 1917 gar·

60 1934 170 1991 riga.
202 1933 332 1985 Quod
358 1935 404 1976 et
428 1932 646 1980 fecerunt,
677 1933 889 1975 videlicet
914 1933 1036 1989 quod
1063 1936 1349 1976 accesserunt
1374 1934 1432 1976 ad
1461 1934 1626 1976 ilic-fam

31 2037 34 2039 -
59 2005 286 2061 garrigam
306 2003 399 2047 fere
421 2006 619 2059 quatuor
632 2003 793 2058 viginti
814 2004 887 2045 vel
908 2007 1091 2045 centum
1113 2003 1322 2046 homines
1344 2003 1451 2046 dicti
1472 2004 1622 2052 castri,

61 2079 106 2120 ct
129 2088 232 2119 cum
258 2075 398 2118 armis
425 2074 681 2116 inciderunt
706 2074 829 2128 ligna
854 2074 900 2114 in
928 2073 1049 2116 dieta
1083 2073 1279 2129 garriga,
1309 2077 1354 2116 et
1378 2079 1624 2130 posuerunt

14 2200 21 2204 .
57 2147 212 2204 ignem
236 2146 283 2188 in
309 2145 427 2188 dicta
451 2144 629 2199 garriga
655 2143 702 2185 in
728 2144 933 2199 pluribus
960 2144 1084 2187 locis.

73 2247 82 2254 .
120 2218 266 2273 Super
292 2216 457 2272 quibus
483 2215 697 2257 omnibus
724 2215 869 2256 dictus
897 2214 1033 2270 prior,
1073 2215 1255 2257 nomine
1293 2215 1410 2258 dicte
1438 2216 1624 2258 ecclesie

42 2335 45 2339 ,
94 2289 174 2332 etit
198 2290 242 2330 et
263 2286 490 2342 supplicat
516 2286 755 2328 veritatem
800 2286 983 2341 inquiri;
1027 2288 1085 2333 et,
1117 2286 1307 2328 veritate
1335 2286 1398 2328 sic
1426 2290 1620 2341 reperta,

15 2342 29 2350 ”
57 2302 201 2409 {ictos
212 2357 419 2401 homines
439 2357 494 2400 de
515 2356 700 2399 Arsacio
714 2356 925 2412 compelli
945 2356 1002 2398 ad
1026 2356 1279 2399 faciendam
1300 2356 1416 2399 dicte
1437 2357 1624 2400 ecclesie

23 2415 392 2490 §.competentem
419 2427 675 2470 emendam.

16 2539 71 2598 :J
93 2546 224 2590 -Post
247 2546 344 2593 hec,
375 2544 505 2587 titulo
551 2544 750 2600 predicte
777 2543 1100 2599 inquisitionis,
1148 2546 1193 2585 et
1218 2543 1441 2586 contentis
1485 2544 1532 2586 in
1569 2557 1625 2587 ea

41 2599 172 2680 ‚T‘visis
199 2619 245 2659 et
271 2615 512 2671 diligenter
538 2614 767 2671 inspectis;

20 2680 63 2706 ²
117 2687 312 2730 Attentis
339 2686 476 2728 etiam
503 2685 634 2728 dietis
661 2687 706 2727 et
736 2684 1098 2740 depositionibus
1125 2683 1362 2726 hominum
1383 2684 1502 2728 dicte
1522 2685 1626 2727 uni-

21 2746 301 2806 &versitatis
347 2769 451 2798 cum
499 2756 666 2813 quibus
694 2755 813 2798 dicta
837 2755 962 2798 curia
986 2756 1044 2797 de
1071 2755 1286 2810 predictis
1331 2755 1624 2798 denunciatis

29 2825 313 2888 ,quuisivih

54 2904 58 2909 “
290 2909 383 2939 Cart.
407 2909 449 2937 de
473 2908 559 2946 Mag.
583 2909 618 2939 Τ.
641 2907 686 2938 111
1312 2905 1352 2936 3⁶
