1991 3279
1070 171 1148 211 ist}

326 276 547 325 Perassio,
579 281 621 317 el,
651 291 750 318 cuin
781 277 948 318 honore
974 277 1215 318 liberorum
1233 276 1465 332 quondam
1493 275 1721 317 Guillelmi
1750 273 1881 316 Runa

327 351 371 389 ct
397 360 498 389 cum
528 348 695 389 honore
718 348 961 389 liberorum
989 347 1220 403 quondam
1249 346 1366 389 Petri
1394 346 1603 393 Corcoua;

390 418 525 461 Salvo
556 423 704 461 tamen
735 423 778 461 et
799 422 970 460 retento
999 419 1043 460 in
1086 418 1296 473 predictis
1345 418 1705 473 possessionibus
1752 416 1879 458 nobis

327 493 371 530 et
408 490 569 532 nostris
621 490 956 532 successoribus
1007 489 1231 544 episcopis
1258 492 1302 530 et
1351 488 1607 536 comitibus,
1656 500 1736 543 pro
1764 486 1881 527 dicto

326 562 589 617 episcopatu
617 565 661 603 tt
687 561 918 605 comitatu,
950 561 1166 606 dominio,
1197 560 1383 603 consilio
1412 563 1455 601 et
1483 558 1716 602 laudimio.
1748 560 1792 599 et
1818 557 1880 600 al-

331 632 649 687 l)(=1·gist1·ibus
690 632 908 674 militibus
958 631 1192 673 minuatim
1223 630 1551 686 persolven‹lis;
1606 629 1880 684 recipientes

326 718 404 759 pro
433 704 561 745 nobis
588 706 632 745 et
659 703 991 745 successoribus
1032 703 1209 747 nostris,
1246 702 1426 744 nomine
1458 701 1559 742 dicti
1589 700 1876 755 episcopatus

324 777 367 815 et
387 774 640 821 comitatus,
672 788 699 816 a
720 777 777 821 tc,
807 772 925 815 dicto
946 774 1218 819 Audebeilo,
1250 773 1411 814 eodem
1436 772 1562 813 titulo
1587 769 1882 826 permutatio-

323 846 392 887 nis
422 859 500 886 seu
529 846 740 888 escambii
776 846 893 887 bona
919 849 962 886 et
987 845 1086 900 jura
1113 848 1188 885 tua
1212 843 1507 897 infrascripta.

383 992 435 1034 Et
455 1006 536 1047 ego
564 992 709 1034 dictus
737 992 1024 1033 Audebertus
1053 1005 1131 1045 pro
1161 1004 1231 1031 me
1260 994 1303 1031 et
1330 988 1664 1031 successoribus
1690 988 1875 1034 ineis...‚

321 1062 451 1105 titulo
480 1063 824 1118 permutationis
870 1076 947 1104 seu
979 1062 1208 1107 escambii,
1249 1061 1420 1102 dono...
1453 1060 1499 1100 in
1540 1059 1740 1101 francum
1787 1057 1881 1100 alc-

326 1135 451 1176 dium
480 1138 523 1176 et
549 1134 809 1176 absolutum
838 1133 982 1180 vobis,
1009 1133 1259 1175 reverendo
1282 1131 1395 1187 patri
1418 1132 1464 1172 in
1491 1130 1665 1173 Christo
1687 1129 1872 1171 domino

321 1206 590 1260 Berengario
615 1205 830 1260 predicto,
851 1203 1147 1260 permissione
1169 1204 1326 1245 divina
1340 1202 1649 1258 Magalonensi
1665 1200 1877 1256 episcopo

316 1277 560 1332 comitique
591 1276 788 1332 Melgorii
822 1279 865 1318 et
899 1275 1279 1322 M011tisl'e1·1·andi,
1313 1274 1546 1330 stipulanti
1574 1276 1618 1315 et
1643 1273 1876 1328 recipienti

324 1349 422 1390 vice
450 1352 494 1390 et
522 1349 702 1390 nomine
725 1347 830 1389 dicti
876 1348 1161 1402 episcopatus
1191 1347 1261 1389 vel
1288 1347 1542 1393 comitatus,
1575 1345 1784 1387 videlicet
1810 1344 1877 1386 di-

326 1423 496 1463 rectum
521 1420 790 1463 dominium.
821 1419 1057 1461 consilium
1088 1421 1131 1460 et
1158 1418 1442 1466 laudimium,
1468 1419 1641 1461 usatica
1661 1422 1704 1460 et
1724 1417 1877 1460 omnia

319 1492 421 1547 jura
447 1495 491 1534 et
516 1492 730 1539 actiones,
761 1504 874 1546 quas
903 1493 946 1531 et
971 1504 1059 1545 que
1087 1504 1169 1544 ego
1214 1490 1358 1532 habeo
1385 1494 1429 1532 et
1455 1490 1622 1531 habere
1651 1490 1795 1531 debeo
1825 1489 1871 1530 in

319 1567 363 1605 et
390 1577 527 1619 super
552 1563 749 1619 quodam
774 1562 1032 1603 molendino
1059 1574 1161 1603 cum
1188 1561 1466 1616 pet-tinentiis
1490 1562 1582 1604 suis
1611 1564 1655 1603 et
1679 1560 1871 1615 juribus,

324 1635 445 1690 quod
469 1648 547 1689 pro
568 1634 764 1675 indiviso
818 1636 971 1673 tenent
997 1646 1021 1674 a
1052 1645 1122 1674 me
1152 1635 1194 1673 ct
1221 1632 1304 1673 sul)
1333 1645 1433 1674 meo
1485 1632 1686 1674 dominio
1714 1632 1876 1673 Petrus

319 1706 495 1747 Fredoli
523 1704 686 1747 nobilis
714 1703 994 1749 domicellus,
1021 1703 1234 1744 dominus
1263 1716 1341 1757 pro
1395 1704 1519 1757 parte
1546 1703 1630 1745 loci
1675 1702 1730 1744 de
1757 1703 1875 1757 Vey-

320 1790 447 1824 runa,
479 1778 522 1818 et
548 1775 674 1817 liberi
712 1775 941 1830 quondam
989 1773 1231 1816 Raimnndi
1283 1774 1556 1828 Capolatovis
1584 1776 1628 1815 et
1652 1772 1873 1815 Johannis

318 1847 594 1903 Capolatoris
622 1846 826 1893 fratrum,
859 1848 902 1887 et
928 1845 1056 1886 liberi
1085 1845 1315 1899 quondam
1361 1844 1589 1886 Guillelmi
1616 1844 1803 1886 Deodati
1830 1846 1875 1886 et

322 1918 550 1961 paschalis
602 1918 882 1960 Paschalani.
915 1920 958 1958 et
1002 1917 1086 1958 sub
1113 1930 1264 1958 annno
1309 1929 1444 1958 censu
1495 1919 1689 1972 quatuor
1714 1915 1876 1970 viginti

318 1990 607 2032 sestariorum
631 1989 752 2031 bladi
780 1989 835 2031 de
866 1989 1071 2035 moltura,
1104 1988 1426 2029 solvendorum
1472 1988 1706 2030 annuatim
1737 1987 1874 2029 michi

317 2064 361 2103 et
389 2061 515 2103 meis.
548 2063 595 2101 ut
623 2060 806 2102 donnino
828 2059 933 2101 dicti
970 2059 1230 2105 molendini,
1266 2073 1343 2113 pei·
1369 2059 1618 2100 soluciones
1647 2061 1690 2098 et
1719 2057 1870 2100 term?-

316 2146 397 2174 nos
424 2131 746 2186 infrascriptos.
779 2130 945 2172 scilicet
967 2130 1268 2185 persolvendo
1305 2129 1437 2171 michi
1465 2132 1509 2171 et
1539 2129 1648 2171 meis
1675 2129 1874 2185 quadra-

317 2203 440 2257 ginta
467 2202 654 2245 sestaria
680 2202 725 2243 in
752 2201 866 2243 festo
893 2201 1096 2243 Nathalis
1141 2201 1334 2247 Domini,
1367 2204 1409 2242 et
1436 2200 1523 2242 alia
1574 2199 1874 2255 quadraginta

317 2274 505 2316 sestaria
525 2274 571 2315 in
600 2272 713 2316 festo
742 2272 883 2315 sancti
911 2272 1028 2314 Petri
1057 2272 1111 2314 de
1140 2274 1345 2326 angusto.

374 2345 426 2386 Et
453 2345 588 2387 etiam
620 2344 724 2387 dicti
755 2343 933 2399 parierii
962 2357 1040 2385 seu
1064 2343 1265 2385 feudales
1287 2346 1501 2385 tenentur
1526 2346 1569 2384 et
1598 2343 1777 2390 delmnt,
1811 2356 1867 2384 cx

319 2419 446 2470 pacto
474 2419 517 2458 et
545 2430 599 2457 ex
628 2416 794 2463 debito,
827 2416 993 2457 molere
1021 2415 1254 2456 annuatim
1284 2414 1417 2455 michi
1448 2417 1490 2455 ct
1516 2414 1645 2455 meis.
1675 2413 1719 2454 in
1752 2413 1872 2455 dicto

317 2487 591 2532 molendino,
618 2486 713 2528 sine
744 2486 951 2528 moltura.
983 2486 1312 2541 qninquaginta
1338 2484 1527 2526 sestaria
1556 2485 1689 2526 bladi.

376 2558 459 2598 Pro
486 2571 575 2612 quo
602 2558 785 2612 quidem
817 2556 1077 2598 molendino
1123 2556 1227 2597 dicti
1258 2556 1433 2610 pavierii
1481 2559 1523 2596 et
1564 2555 1764 2597 feudales
1792 2555 1873 2597 de-

315 2631 423 2670 nant
471 2630 513 2669 et
535 2628 731 2669 solvunt.
772 2631 815 2669 et
842 2628 946 2669 (lare
976 2631 1019 2669 et
1046 2627 1218 2667 solvere
1249 2629 1456 2667 tenentur
1483 2626 1618 2668 michi
1647 2629 1690 2666 et
1735 2626 1862 2668 meis.

314 2700 410 2754 jure
439 2699 623 2741 canonis
651 2702 691 2740 et
721 2699 925 2745 dominii,
953 2699 1151 2753 quinque
1180 2698 1347 2739 solidos
1376 2698 1697 2749 melgorienses
1725 2710 1870 2738 annu-

314 2770 422 2813 atim
453 2771 497 2811 in
525 2770 637 2812 festo
690 2770 827 2812 sancti
859 2769 1101 2811 Michaelis.
1141 2772 1177 2808 υΙ
1229 2769 1363 2810 eliam
1409 2769 1613 2822 albergas
1666 2772 1861 2823 quatum·

319 2841 536 2883 militibus
565 2841 815 2882 annuatim.
847 2844 884 2881 el
918 2841 1050 2881 eliam
1077 2854 1156 2880 sex
1188 2840 1306 2894 pai-ia
1355 2840 1507 2881 avium
1537 2852 1636 2880 cuni
1681 2838 1860 2893 pluuiis.
