<?xml version="1.0" encoding="UTF-8"?>
<!DOCTYPE html PUBLIC "-//W3C//DTD XHTML 1.0 Transitional//EN"
    "http://www.w3.org/TR/xhtml1/DTD/xhtml1-transitional.dtd">
<html xmlns="http://www.w3.org/1999/xhtml" xml:lang="en" lang="en">
 <head>
  <title>
</title>
<meta http-equiv="Content-Type" content="text/html;charset=utf-8" />
  <meta name='ocr-system' content='tesseract 3.04.00' />
  <meta name='ocr-capabilities' content='ocr_page ocr_carea ocr_par ocr_line ocrx_word'/>
</head>
<body>
  <div class='ocr_page' id='page_1' title='image "./cartulairedemagu03cathuoft_0488.png"; bbox 0 0 1991 3279; ppageno 0'>
   <div class='ocr_carea' id='block_1_1' title="bbox 1066 169 1209 211">
    <p class='ocr_par' dir='ltr' id='par_1_1' title="bbox 1066 169 1209 211">
     <span class='ocr_line' id='line_1_1' title="bbox 1066 169 1209 211; baseline -0.021 0"><span class='ocrx_word' id='word_1_1' title='bbox 1066 195 1096 199; x_wconf 24' lang='lat' dir='ltr'>ff&lt;</span> <span class='ocrx_word' id='word_1_2' title='bbox 1124 169 1209 211; x_wconf 67' lang='lat'>476</span> 
     </span>
    </p>
   </div>
   <div class='ocr_carea' id='block_1_2' title="bbox 383 274 1946 2891">
    <p class='ocr_par' dir='ltr' id='par_1_2' title="bbox 387 274 1944 760">
     <span class='ocr_line' id='line_1_2' title="bbox 387 274 1941 334; baseline -0.003 -13"><span class='ocrx_word' id='word_1_3' title='bbox 387 280 728 334; x_wconf 72' lang='lat' dir='ltr'><strong>imperpetuum</strong></span> <span class='ocrx_word' id='word_1_4' title='bbox 779 278 1063 332; x_wconf 73' lang='lat' dir='ltr'>assignamus</span> <span class='ocrx_word' id='word_1_5' title='bbox 1118 280 1161 318; x_wconf 79' lang='lat' dir='ltr'>et</span> <span class='ocrx_word' id='word_1_6' title='bbox 1204 277 1477 318; x_wconf 74' lang='lat' dir='ltr'>conterimus</span> <span class='ocrx_word' id='word_1_7' title='bbox 1528 275 1615 331; x_wconf 88' lang='lat' dir='ltr'>ipsi</span> <span class='ocrx_word' id='word_1_8' title='bbox 1670 274 1941 323; x_wconf 86' lang='lat' dir='ltr'>monasterio</span> 
     </span>
     <span class='ocr_line' id='line_1_3' title="bbox 391 345 1943 404; baseline -0.003 -12"><span class='ocrx_word' id='word_1_9' title='bbox 391 349 541 392; x_wconf 83' lang='lat' dir='ltr'>Sancti</span> <span class='ocrx_word' id='word_1_10' title='bbox 568 349 727 391; x_wconf 77' lang='lat' dir='ltr'>Leonis</span> <span class='ocrx_word' id='word_1_11' title='bbox 756 348 970 404; x_wconf 83' lang='lat' dir='ltr'>predicto,</span> <span class='ocrx_word' id='word_1_12' title='bbox 1001 350 1045 389; x_wconf 86' lang='lat' dir='ltr'>et</span> <span class='ocrx_word' id='word_1_13' title='bbox 1072 347 1216 391; x_wconf 86' lang='lat' dir='ltr'>vobis.</span> <span class='ocrx_word' id='word_1_14' title='bbox 1243 346 1425 388; x_wconf 88' lang='lat' dir='ltr'>Sicarde</span> <span class='ocrx_word' id='word_1_15' title='bbox 1453 345 1508 387; x_wconf 85' lang='lat' dir='ltr'>de</span> <span class='ocrx_word' id='word_1_16' title='bbox 1537 345 1830 393; x_wconf 85' lang='lat' dir='ltr'>Montelauro,</span> <span class='ocrx_word' id='word_1_17' title='bbox 1857 345 1943 400; x_wconf 89' lang='lat' dir='ltr'>pri-</span> 
     </span>
     <span class='ocr_line' id='line_1_4' title="bbox 390 416 1938 474; baseline -0.001 -13"><span class='ocrx_word' id='word_1_18' title='bbox 390 422 530 463; x_wconf 83' lang='lat' dir='ltr'>orisse</span> <span class='ocrx_word' id='word_1_19' title='bbox 565 420 667 462; x_wconf 76' lang='lat' dir='ltr'>dicti</span> <span class='ocrx_word' id='word_1_20' title='bbox 702 419 976 465; x_wconf 78' lang='lat' dir='ltr'>monasterii,</span> <span class='ocrx_word' id='word_1_21' title='bbox 1011 432 1088 474; x_wconf 88' lang='lat' dir='ltr'>pro</span> <span class='ocrx_word' id='word_1_22' title='bbox 1114 418 1243 461; x_wconf 87' lang='lat' dir='ltr'>vobis</span> <span class='ocrx_word' id='word_1_23' title='bbox 1294 421 1335 458; x_wconf 83' lang='lat' dir='ltr'>et</span> <span class='ocrx_word' id='word_1_24' title='bbox 1377 417 1710 460; x_wconf 86' lang='lat' dir='ltr'>successorihus</span> <span class='ocrx_word' id='word_1_25' title='bbox 1762 416 1938 464; x_wconf 82' lang='lat' dir='ltr'>vestris,</span> 
     </span>
     <span class='ocr_line' id='line_1_5' title="bbox 391 487 1943 545; baseline -0.003 -11"><span class='ocrx_word' id='word_1_26' title='bbox 391 495 435 535; x_wconf 91' lang='lat' dir='ltr'>et</span> <span class='ocrx_word' id='word_1_27' title='bbox 460 492 672 534; x_wconf 88' lang='lat' dir='ltr'>omnibus</span> <span class='ocrx_word' id='word_1_28' title='bbox 700 491 974 533; x_wconf 79' lang='lat' dir='ltr'>monialibus</span> <span class='ocrx_word' id='word_1_29' title='bbox 1002 490 1144 545; x_wconf 86' lang='lat' dir='ltr'>ipsius</span> <span class='ocrx_word' id='word_1_30' title='bbox 1170 488 1443 532; x_wconf 70' lang='lat' dir='ltr'>monasterii.</span> <span class='ocrx_word' id='word_1_31' title='bbox 1469 491 1511 530; x_wconf 88' lang='lat' dir='ltr'>et</span> <span class='ocrx_word' id='word_1_32' title='bbox 1540 502 1618 543; x_wconf 89' lang='lat' dir='ltr'>pro</span> <span class='ocrx_word' id='word_1_33' title='bbox 1645 487 1744 543; x_wconf 87' lang='lat' dir='ltr'>ipso</span> <span class='ocrx_word' id='word_1_34' title='bbox 1766 500 1943 530; x_wconf 88' lang='lat' dir='ltr'>monas-</span> 
     </span>
     <span class='ocr_line' id='line_1_6' title="bbox 388 559 1944 618; baseline -0.004 -13"><span class='ocrx_word' id='word_1_35' title='bbox 388 564 501 605; x_wconf 85' lang='lat' dir='ltr'>terio</span> <span class='ocrx_word' id='word_1_36' title='bbox 523 562 770 618; x_wconf 80' lang='lat' dir='ltr'>recipienti.</span> <span class='ocrx_word' id='word_1_37' title='bbox 803 562 863 603; x_wconf 88' lang='lat' dir='ltr'>ita</span> <span class='ocrx_word' id='word_1_38' title='bbox 891 562 1009 616; x_wconf 90' lang='lat' dir='ltr'>quod</span> <span class='ocrx_word' id='word_1_39' title='bbox 1042 561 1086 602; x_wconf 92' lang='lat' dir='ltr'>in</span> <span class='ocrx_word' id='word_1_40' title='bbox 1124 574 1233 603; x_wconf 90' lang='lat' dir='ltr'>usus</span> <span class='ocrx_word' id='word_1_41' title='bbox 1262 562 1435 602; x_wconf 79' lang='lat' dir='ltr'>vestros</span> <span class='ocrx_word' id='word_1_42' title='bbox 1463 562 1506 600; x_wconf 76' lang='lat' dir='ltr'>ct</span> <span class='ocrx_word' id='word_1_43' title='bbox 1534 559 1791 601; x_wconf 85' lang='lat' dir='ltr'>monasterii</span> <span class='ocrx_word' id='word_1_44' title='bbox 1846 571 1944 614; x_wconf 88' lang='lat' dir='ltr'>pre-</span> 
     </span>
     <span class='ocr_line' id='line_1_7' title="bbox 389 629 1944 689; baseline -0.001 -15"><span class='ocrx_word' id='word_1_45' title='bbox 389 635 493 676; x_wconf 87' lang='lat' dir='ltr'>dicti</span> <span class='ocrx_word' id='word_1_46' title='bbox 522 635 620 689; x_wconf 91' lang='lat' dir='ltr'>ipsa</span> <span class='ocrx_word' id='word_1_47' title='bbox 648 633 836 675; x_wconf 88' lang='lat' dir='ltr'>ecclesia</span> <span class='ocrx_word' id='word_1_48' title='bbox 861 633 989 674; x_wconf 84' lang='lat' dir='ltr'>cedat</span> <span class='ocrx_word' id='word_1_49' title='bbox 1016 645 1119 673; x_wconf 84' lang='lat' dir='ltr'>eum</span> <span class='ocrx_word' id='word_1_50' title='bbox 1148 632 1240 673; x_wconf 86' lang='lat' dir='ltr'>suis</span> <span class='ocrx_word' id='word_1_51' title='bbox 1267 630 1457 685; x_wconf 79' lang='lat' dir='ltr'>juribus,</span> <span class='ocrx_word' id='word_1_52' title='bbox 1499 629 1849 672; x_wconf 76' lang='lat' dir='ltr'>obventionibus</span> <span class='ocrx_word' id='word_1_53' title='bbox 1900 634 1944 673; x_wconf 87' lang='lat' dir='ltr'>et</span> 
     </span>
     <span class='ocr_line' id='line_1_8' title="bbox 387 703 989 760; baseline -0.003 -14"><span class='ocrx_word' id='word_1_54' title='bbox 387 704 677 760; x_wconf 80' lang='lat' dir='ltr'>pertinenciis</span> <span class='ocrx_word' id='word_1_55' title='bbox 705 703 989 759; x_wconf 88' lang='lat' dir='ltr'>supradictis.</span> 
     </span>
    </p>

    <p class='ocr_par' dir='ltr' id='par_1_3' title="bbox 386 772 1943 1114">
     <span class='ocr_line' id='line_1_9' title="bbox 443 772 1943 831; baseline -0.003 -13"><span class='ocrx_word' id='word_1_56' title='bbox 443 777 496 818; x_wconf 87' lang='lat' dir='ltr'>Et</span> <span class='ocrx_word' id='word_1_57' title='bbox 522 776 629 831; x_wconf 82' lang='lat' dir='ltr'>quia</span> <span class='ocrx_word' id='word_1_58' title='bbox 651 775 867 830; x_wconf 81' lang='lat' dir='ltr'>temporiS</span> <span class='ocrx_word' id='word_1_59' title='bbox 888 774 1082 831; x_wconf 81' lang='lat' dir='ltr'>qualitas</span> <span class='ocrx_word' id='word_1_60' title='bbox 1105 777 1147 816; x_wconf 83' lang='lat' dir='ltr'>et</span> <span class='ocrx_word' id='word_1_61' title='bbox 1178 774 1258 815; x_wconf 87' lang='lat' dir='ltr'>loci</span> <span class='ocrx_word' id='word_1_62' title='bbox 1295 773 1500 814; x_wconf 87' lang='lat' dir='ltr'>vicinitas</span> <span class='ocrx_word' id='word_1_63' title='bbox 1531 772 1710 814; x_wconf 81' lang='lat' dir='ltr'>unionis</span> <span class='ocrx_word' id='word_1_64' title='bbox 1739 773 1943 815; x_wconf 74' lang='lat' dir='ltr'>facienda</span> 
     </span>
     <span class='ocr_line' id='line_1_10' title="bbox 389 843 1942 903; baseline 0.001 -18"><span class='ocrx_word' id='word_1_65' title='bbox 389 847 690 903; x_wconf 67' lang='lat' dir='ltr'>(zlaciende)</span> <span class='ocrx_word' id='word_1_66' title='bbox 712 859 896 888; x_wconf 85' lang='lat' dir='ltr'>causam</span> <span class='ocrx_word' id='word_1_67' title='bbox 924 845 1143 887; x_wconf 84' lang='lat' dir='ltr'>inducunt</span> <span class='ocrx_word' id='word_1_68' title='bbox 1164 845 1219 886; x_wconf 87' lang='lat' dir='ltr'>ad</span> <span class='ocrx_word' id='word_1_69' title='bbox 1250 843 1467 899; x_wconf 86' lang='lat' dir='ltr'>majorem</span> <span class='ocrx_word' id='word_1_70' title='bbox 1491 843 1606 886; x_wconf 90' lang='lat' dir='ltr'>dicte</span> <span class='ocrx_word' id='word_1_71' title='bbox 1644 845 1942 887; x_wconf 72' lang='lat' dir='ltr'>concessionis</span> 
     </span>
     <span class='ocr_line' id='line_1_11' title="bbox 388 915 1942 972; baseline -0.001 -12"><span class='ocrx_word' id='word_1_72' title='bbox 388 919 652 961; x_wconf 73' lang='lat' dir='ltr'>firmitatem</span> <span class='ocrx_word' id='word_1_73' title='bbox 705 917 978 959; x_wconf 83' lang='lat' dir='ltr'>habendam.</span> <span class='ocrx_word' id='word_1_74' title='bbox 1010 915 1308 958; x_wconf 66' lang='lat' dir='ltr'>consideratis</span> <span class='ocrx_word' id='word_1_75' title='bbox 1360 918 1403 957; x_wconf 87' lang='lat' dir='ltr'>et</span> <span class='ocrx_word' id='word_1_76' title='bbox 1430 915 1676 970; x_wconf 79' lang='lat' dir='ltr'>perspectis</span> <span class='ocrx_word' id='word_1_77' title='bbox 1726 916 1942 972; x_wconf 77' lang='lat' dir='ltr'>qualitate</span> 
     </span>
     <span class='ocr_line' id='line_1_12' title="bbox 386 986 1937 1044; baseline -0.002 -12"><span class='ocrx_word' id='word_1_78' title='bbox 386 989 618 1044; x_wconf 80' lang='lat' dir='ltr'>temporis,</span> <span class='ocrx_word' id='word_1_79' title='bbox 651 988 917 1030; x_wconf 87' lang='lat' dir='ltr'>necessitate</span> <span class='ocrx_word' id='word_1_80' title='bbox 945 987 1147 1034; x_wconf 81' lang='lat' dir='ltr'>instanti,</span> <span class='ocrx_word' id='word_1_81' title='bbox 1196 999 1247 1028; x_wconf 88' lang='lat' dir='ltr'>ac</span> <span class='ocrx_word' id='word_1_82' title='bbox 1268 986 1498 1028; x_wconf 73' lang='lat' dir='ltr'>vicinitate</span> <span class='ocrx_word' id='word_1_83' title='bbox 1526 986 1624 1033; x_wconf 82' lang='lat' dir='ltr'>loci,</span> <span class='ocrx_word' id='word_1_84' title='bbox 1655 987 1821 1029; x_wconf 88' lang='lat' dir='ltr'>dictam</span> <span class='ocrx_word' id='word_1_85' title='bbox 1871 1001 1937 1029; x_wconf 89' lang='lat' dir='ltr'>ec-</span> 
     </span>
     <span class='ocr_line' id='line_1_13' title="bbox 387 1057 1914 1114; baseline -0.003 -11"><span class='ocrx_word' id='word_1_86' title='bbox 387 1061 571 1103; x_wconf 89' lang='lat' dir='ltr'>clesiam</span> <span class='ocrx_word' id='word_1_87' title='bbox 599 1059 862 1101; x_wconf 88' lang='lat' dir='ltr'>auctoritate</span> <span class='ocrx_word' id='word_1_88' title='bbox 886 1057 1130 1113; x_wconf 86' lang='lat' dir='ltr'>episcopali</span> <span class='ocrx_word' id='word_1_89' title='bbox 1158 1057 1342 1114; x_wconf 83' lang='lat' dir='ltr'>unimus</span> <span class='ocrx_word' id='word_1_90' title='bbox 1373 1057 1645 1099; x_wconf 84' lang='lat' dir='ltr'>monasterio</span> <span class='ocrx_word' id='word_1_91' title='bbox 1683 1058 1914 1112; x_wconf 86' lang='lat' dir='ltr'>prelibato.</span> 
     </span>
    </p>

    <p class='ocr_par' dir='ltr' id='par_1_4' title="bbox 383 1128 1946 1968">
     <span class='ocr_line' id='line_1_14' title="bbox 446 1128 1945 1174; baseline -0.002 0"><span class='ocrx_word' id='word_1_92' title='bbox 446 1133 706 1174; x_wconf 83' lang='lat' dir='ltr'>Retinentes</span> <span class='ocrx_word' id='word_1_93' title='bbox 753 1133 905 1171; x_wconf 83' lang='lat' dir='ltr'>tamen</span> <span class='ocrx_word' id='word_1_94' title='bbox 932 1128 1061 1170; x_wconf 78' lang='lat' dir='ltr'>nobis</span> <span class='ocrx_word' id='word_1_95' title='bbox 1090 1132 1135 1171; x_wconf 87' lang='lat' dir='ltr'>et</span> <span class='ocrx_word' id='word_1_96' title='bbox 1179 1128 1513 1170; x_wconf 80' lang='lat' dir='ltr'>successoribus</span> <span class='ocrx_word' id='word_1_97' title='bbox 1543 1129 1721 1171; x_wconf 84' lang='lat' dir='ltr'>nostris.</span> <span class='ocrx_word' id='word_1_98' title='bbox 1748 1129 1791 1170; x_wconf 91' lang='lat' dir='ltr'>in</span> <span class='ocrx_word' id='word_1_99' title='bbox 1839 1143 1945 1171; x_wconf 83' lang='lat' dir='ltr'>con·</span> 
     </span>
     <span class='ocr_line' id='line_1_15' title="bbox 383 1199 1944 1256; baseline -0.003 -10"><span class='ocrx_word' id='word_1_100' title='bbox 383 1203 585 1245; x_wconf 74' lang='lat' dir='ltr'>cessione</span> <span class='ocrx_word' id='word_1_101' title='bbox 613 1204 657 1242; x_wconf 88' lang='lat' dir='ltr'>et</span> <span class='ocrx_word' id='word_1_102' title='bbox 683 1201 848 1243; x_wconf 90' lang='lat' dir='ltr'>unione</span> <span class='ocrx_word' id='word_1_103' title='bbox 878 1199 1109 1255; x_wconf 78' lang='lat' dir='ltr'>predictis,</span> <span class='ocrx_word' id='word_1_104' title='bbox 1146 1213 1225 1254; x_wconf 91' lang='lat' dir='ltr'>pro</span> <span class='ocrx_word' id='word_1_105' title='bbox 1252 1212 1403 1241; x_wconf 88' lang='lat' dir='ltr'>annuo</span> <span class='ocrx_word' id='word_1_106' title='bbox 1431 1212 1567 1241; x_wconf 90' lang='lat' dir='ltr'>censu</span> <span class='ocrx_word' id='word_1_107' title='bbox 1597 1203 1638 1241; x_wconf 87' lang='lat' dir='ltr'>et</span> <span class='ocrx_word' id='word_1_108' title='bbox 1683 1200 1738 1242; x_wconf 83' lang='lat' dir='ltr'>ad</span> <span class='ocrx_word' id='word_1_109' title='bbox 1768 1200 1944 1256; x_wconf 82' lang='lat' dir='ltr'>subjec-</span> 
     </span>
     <span class='ocr_line' id='line_1_16' title="bbox 387 1270 1946 1319; baseline -0.001 -4"><span class='ocrx_word' id='word_1_110' title='bbox 387 1274 524 1316; x_wconf 81' lang='lat' dir='ltr'>tionis</span> <span class='ocrx_word' id='word_1_111' title='bbox 551 1272 785 1319; x_wconf 76' lang='lat' dir='ltr'>indicium,</span> <span class='ocrx_word' id='word_1_112' title='bbox 818 1284 958 1313; x_wconf 90' lang='lat' dir='ltr'>unum</span> <span class='ocrx_word' id='word_1_113' title='bbox 1011 1270 1215 1312; x_wconf 86' lang='lat' dir='ltr'>modium</span> <span class='ocrx_word' id='word_1_114' title='bbox 1246 1270 1380 1317; x_wconf 76' lang='lat' dir='ltr'>bladi,</span> <span class='ocrx_word' id='word_1_115' title='bbox 1422 1271 1590 1313; x_wconf 87' lang='lat' dir='ltr'>scilicet</span> <span class='ocrx_word' id='word_1_116' title='bbox 1614 1275 1712 1314; x_wconf 89' lang='lat' dir='ltr'>octo</span> <span class='ocrx_word' id='word_1_117' title='bbox 1758 1271 1946 1314; x_wconf 85' lang='lat' dir='ltr'>sestaria</span> 
     </span>
     <span class='ocr_line' id='line_1_17' title="bbox 387 1341 1943 1396; baseline 0 -11"><span class='ocrx_word' id='word_1_118' title='bbox 387 1344 511 1387; x_wconf 86' lang='lat' dir='ltr'>ordei</span> <span class='ocrx_word' id='word_1_119' title='bbox 533 1346 577 1386; x_wconf 87' lang='lat' dir='ltr'>et</span> <span class='ocrx_word' id='word_1_120' title='bbox 601 1346 699 1385; x_wconf 87' lang='lat' dir='ltr'>octo</span> <span class='ocrx_word' id='word_1_121' title='bbox 721 1343 911 1385; x_wconf 88' lang='lat' dir='ltr'>sestaria</span> <span class='ocrx_word' id='word_1_122' title='bbox 937 1341 1166 1388; x_wconf 73' lang='lat' dir='ltr'>frumenti,</span> <span class='ocrx_word' id='word_1_123' title='bbox 1196 1355 1273 1396; x_wconf 88' lang='lat' dir='ltr'>per</span> <span class='ocrx_word' id='word_1_124' title='bbox 1299 1355 1380 1383; x_wconf 89' lang='lat' dir='ltr'>vos</span> <span class='ocrx_word' id='word_1_125' title='bbox 1401 1345 1445 1383; x_wconf 91' lang='lat' dir='ltr'>et</span> <span class='ocrx_word' id='word_1_126' title='bbox 1472 1349 1752 1384; x_wconf 83' lang='lat' dir='ltr'>successores</span> <span class='ocrx_word' id='word_1_127' title='bbox 1768 1346 1943 1385; x_wconf 84' lang='lat' dir='ltr'>vestras</span> 
     </span>
     <span class='ocr_line' id='line_1_18' title="bbox 384 1412 1944 1467; baseline -0.003 -8"><span class='ocrx_word' id='word_1_128' title='bbox 384 1416 515 1459; x_wconf 83' lang='lat' dir='ltr'>nobis</span> <span class='ocrx_word' id='word_1_129' title='bbox 543 1417 587 1456; x_wconf 77' lang='lat' dir='ltr'>et</span> <span class='ocrx_word' id='word_1_130' title='bbox 614 1414 948 1456; x_wconf 81' lang='lat' dir='ltr'>successoribus</span> <span class='ocrx_word' id='word_1_131' title='bbox 978 1413 1154 1455; x_wconf 80' lang='lat' dir='ltr'>nostris,</span> <span class='ocrx_word' id='word_1_132' title='bbox 1187 1412 1319 1454; x_wconf 83' lang='lat' dir='ltr'>annis</span> <span class='ocrx_word' id='word_1_133' title='bbox 1353 1412 1543 1467; x_wconf 81' lang='lat' dir='ltr'>singulis</span> <span class='ocrx_word' id='word_1_134' title='bbox 1571 1413 1616 1454; x_wconf 90' lang='lat' dir='ltr'>in</span> <span class='ocrx_word' id='word_1_135' title='bbox 1658 1413 1772 1455; x_wconf 78' lang='lat' dir='ltr'>festo</span> <span class='ocrx_word' id='word_1_136' title='bbox 1800 1413 1944 1456; x_wconf 85' lang='lat' dir='ltr'>sancti</span> 
     </span>
     <span class='ocr_line' id='line_1_19' title="bbox 388 1484 1946 1539; baseline -0.001 -10"><span class='ocrx_word' id='word_1_137' title='bbox 388 1486 508 1529; x_wconf 90' lang='lat' dir='ltr'>Petri</span> <span class='ocrx_word' id='word_1_138' title='bbox 550 1487 605 1528; x_wconf 86' lang='lat' dir='ltr'>de</span> <span class='ocrx_word' id='word_1_139' title='bbox 638 1488 845 1539; x_wconf 78' lang='lat' dir='ltr'>auguste.</span> <span class='ocrx_word' id='word_1_140' title='bbox 878 1484 997 1539; x_wconf 88' lang='lat' dir='ltr'>apud</span> <span class='ocrx_word' id='word_1_141' title='bbox 1026 1484 1526 1538; x_wconf 89' lang='lat' dir='ltr'>Montempessulanum</span> <span class='ocrx_word' id='word_1_142' title='bbox 1554 1485 1599 1525; x_wconf 91' lang='lat' dir='ltr'>in</span> <span class='ocrx_word' id='word_1_143' title='bbox 1643 1484 1746 1526; x_wconf 86' lang='lat' dir='ltr'>aula</span> <span class='ocrx_word' id='word_1_144' title='bbox 1791 1488 1946 1527; x_wconf 82' lang='lat' dir='ltr'>nostra</span> 
     </span>
     <span class='ocr_line' id='line_1_20' title="bbox 389 1554 1944 1614; baseline -0.002 -13"><span class='ocrx_word' id='word_1_145' title='bbox 389 1557 633 1614; x_wconf 85' lang='lat' dir='ltr'>episcopali</span> <span class='ocrx_word' id='word_1_146' title='bbox 655 1555 933 1609; x_wconf 68' lang='lat' dir='ltr'>integraliter</span> <span class='ocrx_word' id='word_1_147' title='bbox 952 1555 1244 1597; x_wconf 84' lang='lat' dir='ltr'>exsolvenda:</span> <span class='ocrx_word' id='word_1_148' title='bbox 1273 1554 1454 1596; x_wconf 86' lang='lat' dir='ltr'>retentis</span> <span class='ocrx_word' id='word_1_149' title='bbox 1477 1554 1793 1598; x_wconf 86' lang='lat' dir='ltr'>nichilominus</span> <span class='ocrx_word' id='word_1_150' title='bbox 1814 1556 1944 1598; x_wconf 89' lang='lat' dir='ltr'>nobis</span> 
     </span>
     <span class='ocr_line' id='line_1_21' title="bbox 390 1625 1941 1680; baseline -0.001 -9"><span class='ocrx_word' id='word_1_151' title='bbox 390 1633 433 1671; x_wconf 85' lang='lat' dir='ltr'>et</span> <span class='ocrx_word' id='word_1_152' title='bbox 461 1627 794 1671; x_wconf 78' lang='lat' dir='ltr'>successorihus</span> <span class='ocrx_word' id='word_1_153' title='bbox 840 1625 1005 1667; x_wconf 85' lang='lat' dir='ltr'>nostris</span> <span class='ocrx_word' id='word_1_154' title='bbox 1033 1626 1078 1667; x_wconf 89' lang='lat' dir='ltr'>in</span> <span class='ocrx_word' id='word_1_155' title='bbox 1107 1626 1295 1667; x_wconf 86' lang='lat' dir='ltr'>ccclesia</span> <span class='ocrx_word' id='word_1_156' title='bbox 1324 1626 1523 1680; x_wconf 86' lang='lat' dir='ltr'>predicta</span> <span class='ocrx_word' id='word_1_157' title='bbox 1548 1626 1851 1670; x_wconf 76' lang='lat' dir='ltr'>cathedratico</span> <span class='ocrx_word' id='word_1_158' title='bbox 1897 1630 1941 1669; x_wconf 86' lang='lat' dir='ltr'>et</span> 
     </span>
     <span class='ocr_line' id='line_1_22' title="bbox 392 1696 1945 1753; baseline -0.001 -11"><span class='ocrx_word' id='word_1_159' title='bbox 392 1699 644 1746; x_wconf 80' lang='lat' dir='ltr'>sinoditico,</span> <span class='ocrx_word' id='word_1_160' title='bbox 678 1698 934 1739; x_wconf 85' lang='lat' dir='ltr'>visitatione</span> <span class='ocrx_word' id='word_1_161' title='bbox 963 1700 1006 1739; x_wconf 85' lang='lat' dir='ltr'>el.</span> <span class='ocrx_word' id='word_1_162' title='bbox 1033 1696 1346 1752; x_wconf 75' lang='lat' dir='ltr'>procuratione</span> <span class='ocrx_word' id='word_1_163' title='bbox 1373 1710 1538 1744; x_wconf 84' lang='lat' dir='ltr'>annua,</span> <span class='ocrx_word' id='word_1_164' title='bbox 1569 1700 1612 1739; x_wconf 89' lang='lat' dir='ltr'>et</span> <span class='ocrx_word' id='word_1_165' title='bbox 1638 1698 1729 1739; x_wconf 86' lang='lat' dir='ltr'>alia</span> <span class='ocrx_word' id='word_1_166' title='bbox 1773 1698 1945 1753; x_wconf 89' lang='lat' dir='ltr'>episco—</span> 
     </span>
     <span class='ocr_line' id='line_1_23' title="bbox 393 1767 1946 1827; baseline -0.001 -14"><span class='ocrx_word' id='word_1_167' title='bbox 393 1771 480 1827; x_wconf 86' lang='lat' dir='ltr'>pali</span> <span class='ocrx_word' id='word_1_168' title='bbox 525 1769 804 1813; x_wconf 83' lang='lat' dir='ltr'>auctoritate:</span> <span class='ocrx_word' id='word_1_169' title='bbox 836 1771 873 1809; x_wconf 81' lang='lat' dir='ltr'>cl</span> <span class='ocrx_word' id='word_1_170' title='bbox 907 1768 1045 1810; x_wconf 78' lang='lat' dir='ltr'>salvis</span> <span class='ocrx_word' id='word_1_171' title='bbox 1073 1768 1214 1809; x_wconf 87' lang='lat' dir='ltr'>eciam</span> <span class='ocrx_word' id='word_1_172' title='bbox 1245 1767 1372 1809; x_wconf 81' lang='lat' dir='ltr'>nobis</span> <span class='ocrx_word' id='word_1_173' title='bbox 1399 1771 1441 1809; x_wconf 86' lang='lat' dir='ltr'>et</span> <span class='ocrx_word' id='word_1_174' title='bbox 1469 1769 1803 1811; x_wconf 87' lang='lat' dir='ltr'>successoribus</span> <span class='ocrx_word' id='word_1_175' title='bbox 1843 1783 1946 1812; x_wconf 85' lang='lat' dir='ltr'>nos-</span> 
     </span>
     <span class='ocr_line' id='line_1_24' title="bbox 388 1839 1937 1896; baseline -0.001 -12"><span class='ocrx_word' id='word_1_176' title='bbox 388 1843 468 1885; x_wconf 83' lang='lat' dir='ltr'>tris</span> <span class='ocrx_word' id='word_1_177' title='bbox 495 1841 707 1884; x_wconf 77' lang='lat' dir='ltr'>omnibus</span> <span class='ocrx_word' id='word_1_178' title='bbox 734 1839 888 1896; x_wconf 78' lang='lat' dir='ltr'>quein</span> <span class='ocrx_word' id='word_1_179' title='bbox 916 1839 1034 1880; x_wconf 87' lang='lat' dir='ltr'>dicto</span> <span class='ocrx_word' id='word_1_180' title='bbox 1063 1839 1334 1880; x_wconf 80' lang='lat' dir='ltr'>monaste-rio</span> <span class='ocrx_word' id='word_1_181' title='bbox 1364 1839 1590 1894; x_wconf 81' lang='lat' dir='ltr'>percipere</span> <span class='ocrx_word' id='word_1_182' title='bbox 1636 1840 1856 1883; x_wconf 85' lang='lat' dir='ltr'>debemus</span> <span class='ocrx_word' id='word_1_183' title='bbox 1902 1847 1937 1883; x_wconf 74' lang='lat' dir='ltr'>ei</span> 
     </span>
     <span class='ocr_line' id='line_1_25' title="bbox 388 1910 1043 1968; baseline -0.006 -13"><span class='ocrx_word' id='word_1_184' title='bbox 388 1927 546 1956; x_wconf 87' lang='lat' dir='ltr'>sumus</span> <span class='ocrx_word' id='word_1_185' title='bbox 576 1911 804 1968; x_wconf 84' lang='lat' dir='ltr'>percipere</span> <span class='ocrx_word' id='word_1_186' title='bbox 826 1910 1043 1953; x_wconf 83' lang='lat' dir='ltr'>consueti.</span> 
     </span>
    </p>

    <p class='ocr_par' dir='ltr' id='par_1_5' title="bbox 388 1981 1945 2536">
     <span class='ocr_line' id='line_1_26' title="bbox 448 1981 1943 2037; baseline 0 -11"><span class='ocrx_word' id='word_1_187' title='bbox 448 1985 669 2026; x_wconf 90' lang='lat' dir='ltr'>Volumus</span> <span class='ocrx_word' id='word_1_188' title='bbox 697 1983 883 2037; x_wconf 77' lang='lat' dir='ltr'>insuper</span> <span class='ocrx_word' id='word_1_189' title='bbox 909 1985 952 2023; x_wconf 83' lang='lat' dir='ltr'>et</span> <span class='ocrx_word' id='word_1_190' title='bbox 996 1981 1258 2024; x_wconf 83' lang='lat' dir='ltr'>ordinamus</span> <span class='ocrx_word' id='word_1_191' title='bbox 1286 1982 1403 2037; x_wconf 78' lang='lat' dir='ltr'>quod</span> <span class='ocrx_word' id='word_1_192' title='bbox 1434 1983 1641 2025; x_wconf 86' lang='lat' dir='ltr'>annualis</span> <span class='ocrx_word' id='word_1_193' title='bbox 1670 1985 1877 2027; x_wconf 80' lang='lat' dir='ltr'>sacerdos</span> <span class='ocrx_word' id='word_1_194' title='bbox 1898 1985 1943 2026; x_wconf 91' lang='lat' dir='ltr'>in</span> 
     </span>
     <span class='ocr_line' id='line_1_27' title="bbox 391 2054 1944 2119; baseline -0.003 -20"><span class='ocrx_word' id='word_1_195' title='bbox 391 2056 591 2119; x_wconf 83' lang='lat' dir='ltr'>predicta</span> <span class='ocrx_word' id='word_1_196' title='bbox 619 2054 806 2096; x_wconf 86' lang='lat' dir='ltr'>ecclesia</span> <span class='ocrx_word' id='word_1_197' title='bbox 827 2056 1034 2108; x_wconf 84' lang='lat' dir='ltr'>ponatur.</span> <span class='ocrx_word' id='word_1_198' title='bbox 1066 2067 1145 2108; x_wconf 85' lang='lat' dir='ltr'>per</span> <span class='ocrx_word' id='word_1_199' title='bbox 1172 2067 1251 2094; x_wconf 89' lang='lat' dir='ltr'>vos</span> <span class='ocrx_word' id='word_1_200' title='bbox 1273 2057 1317 2095; x_wconf 78' lang='lat' dir='ltr'>et</span> <span class='ocrx_word' id='word_1_201' title='bbox 1344 2067 1623 2096; x_wconf 85' lang='lat' dir='ltr'>successores</span> <span class='ocrx_word' id='word_1_202' title='bbox 1665 2058 1838 2097; x_wconf 81' lang='lat' dir='ltr'>vcslras</span> <span class='ocrx_word' id='word_1_203' title='bbox 1867 2070 1944 2097; x_wconf 50' lang='lat' dir='ltr'>noa</span> 
     </span>
     <span class='ocr_line' id='line_1_28' title="bbox 388 2124 1943 2179; baseline -0.002 -8"><span class='ocrx_word' id='word_1_204' title='bbox 388 2129 458 2171; x_wconf 85' lang='lat' dir='ltr'>bis</span> <span class='ocrx_word' id='word_1_205' title='bbox 487 2131 529 2170; x_wconf 89' lang='lat' dir='ltr'>et</span> <span class='ocrx_word' id='word_1_206' title='bbox 550 2124 884 2168; x_wconf 79' lang='lat' dir='ltr'>successoribus</span> <span class='ocrx_word' id='word_1_207' title='bbox 913 2124 1075 2167; x_wconf 85' lang='lat' dir='ltr'>nostris</span> <span class='ocrx_word' id='word_1_208' title='bbox 1103 2125 1447 2179; x_wconf 76' lang='lat' dir='ltr'>presentandus,</span> <span class='ocrx_word' id='word_1_209' title='bbox 1479 2124 1554 2179; x_wconf 92' lang='lat' dir='ltr'>qui</span> <span class='ocrx_word' id='word_1_210' title='bbox 1583 2138 1608 2166; x_wconf 88' lang='lat' dir='ltr'>a</span> <span class='ocrx_word' id='word_1_211' title='bbox 1632 2125 1760 2167; x_wconf 77' lang='lat' dir='ltr'>uobis</span> <span class='ocrx_word' id='word_1_212' title='bbox 1787 2139 1943 2169; x_wconf 85' lang='lat' dir='ltr'>curam</span> 
     </span>
     <span class='ocr_line' id='line_1_29' title="bbox 388 2196 1943 2254; baseline -0.001 -12"><span class='ocrx_word' id='word_1_213' title='bbox 388 2199 576 2254; x_wconf 74' lang='lat' dir='ltr'>recipiat</span> <span class='ocrx_word' id='word_1_214' title='bbox 601 2198 871 2239; x_wconf 86' lang='lat' dir='ltr'>animarum.</span> <span class='ocrx_word' id='word_1_215' title='bbox 903 2199 945 2238; x_wconf 85' lang='lat' dir='ltr'>et</span> <span class='ocrx_word' id='word_1_216' title='bbox 972 2210 1052 2250; x_wconf 88' lang='lat' dir='ltr'>per</span> <span class='ocrx_word' id='word_1_217' title='bbox 1095 2208 1231 2250; x_wconf 87' lang='lat' dir='ltr'>quem</span> <span class='ocrx_word' id='word_1_218' title='bbox 1259 2199 1438 2250; x_wconf 80' lang='lat' dir='ltr'>regatur</span> <span class='ocrx_word' id='word_1_219' title='bbox 1466 2196 1657 2250; x_wconf 86' lang='lat' dir='ltr'>populns</span> <span class='ocrx_word' id='word_1_220' title='bbox 1702 2200 1746 2238; x_wconf 88' lang='lat' dir='ltr'>et</span> <span class='ocrx_word' id='word_1_221' title='bbox 1789 2210 1943 2240; x_wconf 83' lang='lat' dir='ltr'>curam</span> 
     </span>
     <span class='ocr_line' id='line_1_30' title="bbox 389 2266 1945 2326; baseline -0.001 -14"><span class='ocrx_word' id='word_1_222' title='bbox 389 2270 486 2326; x_wconf 83' lang='lat' dir='ltr'>ejus</span> <span class='ocrx_word' id='word_1_223' title='bbox 516 2269 709 2311; x_wconf 78' lang='lat' dir='ltr'>fideliter</span> <span class='ocrx_word' id='word_1_224' title='bbox 735 2268 915 2310; x_wconf 87' lang='lat' dir='ltr'>studeat</span> <span class='ocrx_word' id='word_1_225' title='bbox 941 2280 1164 2314; x_wconf 79' lang='lat' dir='ltr'>exercere;</span> <span class='ocrx_word' id='word_1_226' title='bbox 1190 2267 1260 2308; x_wconf 89' lang='lat' dir='ltr'>cui</span> <span class='ocrx_word' id='word_1_227' title='bbox 1291 2266 1432 2307; x_wconf 72' lang='lat' dir='ltr'>eciam</span> <span class='ocrx_word' id='word_1_228' title='bbox 1461 2270 1504 2308; x_wconf 90' lang='lat' dir='ltr'>et</span> <span class='ocrx_word' id='word_1_229' title='bbox 1533 2266 1750 2309; x_wconf 85' lang='lat' dir='ltr'>ministris</span> <span class='ocrx_word' id='word_1_230' title='bbox 1801 2268 1945 2323; x_wconf 84' lang='lat' dir='ltr'>ipsius</span> 
     </span>
     <span class='ocr_line' id='line_1_31' title="bbox 390 2337 1944 2392; baseline -0.001 -8"><span class='ocrx_word' id='word_1_231' title='bbox 390 2341 573 2384; x_wconf 78' lang='lat' dir='ltr'>ecclesie</span> <span class='ocrx_word' id='word_1_232' title='bbox 627 2338 894 2382; x_wconf 85' lang='lat' dir='ltr'>necessariis</span> <span class='ocrx_word' id='word_1_233' title='bbox 922 2338 976 2380; x_wconf 91' lang='lat' dir='ltr'>de</span> <span class='ocrx_word' id='word_1_234' title='bbox 1005 2337 1222 2379; x_wconf 76' lang='lat' dir='ltr'>fructibus</span> <span class='ocrx_word' id='word_1_235' title='bbox 1268 2337 1410 2392; x_wconf 88' lang='lat' dir='ltr'>ipsius</span> <span class='ocrx_word' id='word_1_236' title='bbox 1455 2338 1639 2379; x_wconf 75' lang='lat' dir='ltr'>ecclesie</span> <span class='ocrx_word' id='word_1_237' title='bbox 1688 2344 1944 2382; x_wconf 78' lang='lat' dir='ltr'>necessaria</span> 
     </span>
     <span class='ocr_line' id='line_1_32' title="bbox 394 2408 1945 2465; baseline -0.001 -11"><span class='ocrx_word' id='word_1_238' title='bbox 394 2413 715 2457; x_wconf 82' lang='lat' dir='ltr'>ministrentur,</span> <span class='ocrx_word' id='word_1_239' title='bbox 746 2413 790 2451; x_wconf 86' lang='lat' dir='ltr'>et</span> <span class='ocrx_word' id='word_1_240' title='bbox 816 2409 935 2465; x_wconf 83' lang='lat' dir='ltr'>quod</span> <span class='ocrx_word' id='word_1_241' title='bbox 964 2409 1108 2450; x_wconf 87' lang='lat' dir='ltr'>dictus</span> <span class='ocrx_word' id='word_1_242' title='bbox 1148 2408 1356 2450; x_wconf 85' lang='lat' dir='ltr'>sacerdos</span> <span class='ocrx_word' id='word_1_243' title='bbox 1386 2408 1612 2463; x_wconf 79' lang='lat' dir='ltr'>primicias</span> <span class='ocrx_word' id='word_1_244' title='bbox 1640 2410 1780 2464; x_wconf 87' lang='lat' dir='ltr'>ipsius</span> <span class='ocrx_word' id='word_1_245' title='bbox 1807 2411 1945 2453; x_wconf 86' lang='lat' dir='ltr'>eccle-</span> 
     </span>
     <span class='ocr_line' id='line_1_33' title="bbox 390 2479 1760 2536; baseline -0.003 -11"><span class='ocrx_word' id='word_1_246' title='bbox 390 2485 470 2527; x_wconf 83' lang='lat' dir='ltr'>sie,</span> <span class='ocrx_word' id='word_1_247' title='bbox 502 2483 677 2536; x_wconf 82' lang='lat' dir='ltr'>singula</span> <span class='ocrx_word' id='word_1_248' title='bbox 705 2480 993 2535; x_wconf 72' lang='lat' dir='ltr'>(zsingulis&#39;)</span> <span class='ocrx_word' id='word_1_249' title='bbox 1015 2480 1160 2522; x_wconf 87' lang='lat' dir='ltr'>aunis.</span> <span class='ocrx_word' id='word_1_250' title='bbox 1195 2479 1409 2534; x_wconf 84' lang='lat' dir='ltr'>percipiat</span> <span class='ocrx_word' id='word_1_251' title='bbox 1435 2493 1515 2534; x_wconf 80' lang='lat' dir='ltr'>pro</span> <span class='ocrx_word' id='word_1_252' title='bbox 1541 2481 1760 2522; x_wconf 71' lang='lat' dir='ltr'>mercede.</span> 
     </span>
    </p>

    <p class='ocr_par' dir='ltr' id='par_1_6' title="bbox 388 2550 1945 2822">
     <span class='ocr_line' id='line_1_34' title="bbox 450 2550 1945 2607; baseline -0.001 -12"><span class='ocrx_word' id='word_1_253' title='bbox 450 2554 604 2596; x_wconf 86' lang='lat' dir='ltr'>Cultus</span> <span class='ocrx_word' id='word_1_254' title='bbox 632 2552 812 2593; x_wconf 86' lang='lat' dir='ltr'>divinus</span> <span class='ocrx_word' id='word_1_255' title='bbox 842 2551 1097 2593; x_wconf 86' lang='lat' dir='ltr'>nullatenus</span> <span class='ocrx_word' id='word_1_256' title='bbox 1126 2550 1367 2596; x_wconf 78' lang='lat' dir='ltr'>minuatur,</span> <span class='ocrx_word' id='word_1_257' title='bbox 1417 2551 1496 2592; x_wconf 85' lang='lat' dir='ltr'>sed</span> <span class='ocrx_word' id='word_1_258' title='bbox 1539 2551 1690 2605; x_wconf 87' lang='lat' dir='ltr'>pocius</span> <span class='ocrx_word' id='word_1_259' title='bbox 1728 2565 1945 2607; x_wconf 78' lang='lat' dir='ltr'>augmen-</span> 
     </span>
     <span class='ocr_line' id='line_1_35' title="bbox 388 2621 1943 2678; baseline 0 -11"><span class='ocrx_word' id='word_1_260' title='bbox 388 2630 521 2671; x_wconf 79' lang='lat' dir='ltr'>tetur:</span> <span class='ocrx_word' id='word_1_261' title='bbox 555 2623 836 2678; x_wconf 85' lang='lat' dir='ltr'>hospitalitas</span> <span class='ocrx_word' id='word_1_262' title='bbox 876 2635 965 2663; x_wconf 88' lang='lat' dir='ltr'>non</span> <span class='ocrx_word' id='word_1_263' title='bbox 994 2622 1188 2665; x_wconf 78' lang='lat' dir='ltr'>tollatur,</span> <span class='ocrx_word' id='word_1_264' title='bbox 1220 2621 1298 2662; x_wconf 80' lang='lat' dir='ltr'>sed</span> <span class='ocrx_word' id='word_1_265' title='bbox 1326 2621 1478 2663; x_wconf 89' lang='lat' dir='ltr'>omnia</span> <span class='ocrx_word' id='word_1_266' title='bbox 1506 2622 1587 2663; x_wconf 87' lang='lat' dir='ltr'>rite</span> <span class='ocrx_word' id='word_1_267' title='bbox 1633 2625 1943 2667; x_wconf 79' lang='lat' dir='ltr'>concurrentia</span> 
     </span>
     <span class='ocr_line' id='line_1_36' title="bbox 391 2692 1944 2751; baseline -0.001 -11"><span class='ocrx_word' id='word_1_268' title='bbox 391 2698 448 2740; x_wconf 87' lang='lat' dir='ltr'>ad</span> <span class='ocrx_word' id='word_1_269' title='bbox 475 2695 655 2738; x_wconf 87' lang='lat' dir='ltr'>laudem</span> <span class='ocrx_word' id='word_1_270' title='bbox 683 2693 761 2735; x_wconf 88' lang='lat' dir='ltr'>Dei</span> <span class='ocrx_word' id='word_1_271' title='bbox 790 2692 915 2735; x_wconf 72' lang='lat' dir='ltr'>fiant:</span> <span class='ocrx_word' id='word_1_272' title='bbox 948 2696 992 2734; x_wconf 88' lang='lat' dir='ltr'>et</span> <span class='ocrx_word' id='word_1_273' title='bbox 1018 2693 1135 2746; x_wconf 82' lang='lat' dir='ltr'>quod</span> <span class='ocrx_word' id='word_1_274' title='bbox 1168 2693 1210 2733; x_wconf 91' lang='lat' dir='ltr'>in</span> <span class='ocrx_word' id='word_1_275' title='bbox 1240 2692 1400 2733; x_wconf 84' lang='lat' dir='ltr'>vestris</span> <span class='ocrx_word' id='word_1_276' title='bbox 1435 2692 1563 2734; x_wconf 88' lang='lat' dir='ltr'>bouis</span> <span class='ocrx_word' id='word_1_277' title='bbox 1588 2694 1800 2747; x_wconf 80' lang='lat' dir='ltr'>operibus</span> <span class='ocrx_word' id='word_1_278' title='bbox 1847 2709 1944 2751; x_wconf 86' lang='lat' dir='ltr'>par-</span> 
     </span>
     <span class='ocr_line' id='line_1_37' title="bbox 393 2766 844 2822; baseline -0.013 -12"><span class='ocrx_word' id='word_1_279' title='bbox 393 2768 550 2822; x_wconf 88' lang='lat' dir='ltr'>ticipes</span> <span class='ocrx_word' id='word_1_280' title='bbox 578 2766 844 2807; x_wconf 84' lang='lat' dir='ltr'>existamus.</span> 
     </span>
    </p>

    <p class='ocr_par' dir='ltr' id='par_1_7' title="bbox 451 2835 1943 2891">
     <span class='ocr_line' id='line_1_38' title="bbox 451 2835 1943 2891; baseline -0.001 -11"><span class='ocrx_word' id='word_1_281' title='bbox 451 2837 608 2880; x_wconf 88' lang='lat' dir='ltr'>Omnia</span> <span class='ocrx_word' id='word_1_282' title='bbox 638 2835 835 2891; x_wconf 83' lang='lat' dir='ltr'>predicta</span> <span class='ocrx_word' id='word_1_283' title='bbox 864 2838 907 2876; x_wconf 82' lang='lat' dir='ltr'>et</span> <span class='ocrx_word' id='word_1_284' title='bbox 934 2835 1107 2889; x_wconf 73' lang='lat' dir='ltr'>singula</span> <span class='ocrx_word' id='word_1_285' title='bbox 1138 2836 1399 2877; x_wconf 81' lang='lat' dir='ltr'>inconcussa</span> <span class='ocrx_word' id='word_1_286' title='bbox 1429 2848 1608 2878; x_wconf 82' lang='lat' dir='ltr'>manere</span> <span class='ocrx_word' id='word_1_287' title='bbox 1645 2837 1867 2880; x_wconf 76' lang='lat' dir='ltr'>velumus.</span> <span class='ocrx_word' id='word_1_288' title='bbox 1899 2842 1943 2880; x_wconf 86' lang='lat' dir='ltr'>et.</span> 
     </span>
    </p>
   </div>
  </div>
 </body>
</html>
