2205 3299
1175 151 1228 156 -
1259 124 1343 167 288
1379 131 1424 155 -.t
1463 117 1473 126 “

517 217 770 269 tudinibus‚
801 217 886 264 sibi
912 219 1277 275 competentibus
1319 231 1399 262 seu
1424 219 1737 275 competituris
1762 218 2077 280 imposterum.
2171 194 2185 203 γ’

520 290 686 346 quibus
707 293 861 334 contra
879 289 1081 347 predicta
1098 289 1254 332 venire
1274 292 1461 346 possent
1479 287 1554 332 vel
1573 287 1758 346 aliquod
1778 285 2080 345 predictorum
2110 282 2130 307 ·”
2183 288 2185 338 J

520 362 568 403 in
596 360 792 423 solidum
819 360 891 404 vel
920 374 1000 417 pro
1030 363 1169 415 parte.

579 431 633 474 Et
659 431 741 473 hec
768 431 923 474 omnia
949 431 1034 473 sibi
1079 431 1277 473 invicem
1303 443 1386 487 per
1410 430 1750 487 stipulationem
1777 419 2083 486 promiserunt
2110 426 2139 453 ·’
2182 440 2183 445 ’

521 501 833 558 sollempniter
859 501 944 544 sub
965 515 1083 557 pena
1133 500 1348 556 predicta.
1380 501 1501 544 etad
1541 503 1695 544 sancta
1720 500 1800 543 Dei
1826 496 2075 555 evangelia,
2123 516 2125 521 ¹
2181 553 2185 560 ⁶

520 586 548 615 a
573 586 621 616 se
646 572 786 627 gratis
831 572 1121 628 corporaliter
1147 574 1278 620 tacta,
1312 571 1595 628 juraverunt,
1632 574 1676 613 et
1702 570 2083 613 renunciaverunt
2139 630 2143 633 ι

516 642 605 698 juri
631 642 794 685 dicenti
835 643 1216 697 compromissum
1268 656 1357 684 non
1385 643 1550 685 debere
1584 642 1682 684 fieri
1734 653 1837 684 cum
1864 640 2081 696 religione

516 713 778 769 juramenti.

574 783 627 826 Et
654 783 715 826 ita
741 783 854 838 (mot
883 782 1095 840 illisible)
1122 784 1349 840 complere
1378 788 1422 827 et
1447 786 1693 826 oliserxarc
1728 796 1807 838 pro
1834 796 1881 824 se
1909 786 1954 825 et
1995 780 2082 823 hii>-

516 867 713 910 quorum
738 855 942 902 interest,
962 855 1180 903 intererit,
1206 869 1286 898 seu
1313 855 1531 897 interesse
1554 853 1732 909 poterit,
1751 856 1793 896 el
1820 855 1986 896 contra
1995 865 2111 895 nen·
2138 898 2146 914 ἲ
2183 894 2185 898 .

516 925 693 973 venire,
724 925 936 968 videlicet
957 929 1194 981 preceptor
1219 926 1383 968 domus
1403 925 1578 980 Templi
1606 925 1662 966 de
1683 924 2083 980 Montepessulano

517 987 609 1039 sub*
623 995 897 1050 obligatione
932 996 1154 1038 bonorum
1183 995 1391 1038 omnium
1420 995 1704 1051 presencium
1732 998 1776 1037 et
1825 994 2080 1037 futurorum
2136 1047 2143 1056 ,-
2181 1052 2184 1055 Ι

516 1066 574 1109 ad
602 1066 826 1122 prefatam
854 1067 1043 1108 domum
1072 1066 1248 1121 Templi
1276 1066 1638 1122 pertinenciumy
1662 1069 1706 1108 et
1733 1065 1961 1121 predic-lus
1987 1077 2082 1106 mr-
2147 1108 2149 1110 ,

516 1136 657 1192 gister
681 1137 957 1179 Bertrandus
979 1137 1144 1179 Mathei
1170 1137 1225 1179 de
1253 1137 1442 1193 Bosigis,
1473 1138 1560 1180 snb
1579 1137 1852 1192 obligatione
1874 1136 2098 1189 omnium
2131 1163 2137 1165 -

518 1207 742 1249 bonorum
769 1207 827 1250 ad
853 1208 1092 1250 dominum
1120 1207 1392 1263 episcopum
1413 1208 1782 1262 Magalonensem
1810 1209 1855 1249 et
1896 1198 1956 1260 ‘ad
1983 1206 2083 1262 ejus
2121 1225 2125 1231 ·

520 1277 832 1333 episcopatum
885 1275 1232 1334 pertinencium,
1263 1278 1549 1334 presencium
1577 1281 1621 1321 et
1673 1278 1942 1329 futurorum.
1996 1277 2130 1326 suli·-

521 1361 641 1404 pena
666 1348 868 1405 predicta
894 1349 1017 1392 mille
1045 1349 1213 1402 scilicet.
1238 1350 1523 1392 marcharum
1576 1349 1764 1404 argenti,
1796 1347 1996 1390 vicissim
2038 1343 2084 1390 et
2122 1355 2127 1357 ’

516 1419 576 1461 ad
602 1419 799 1462 invicem
827 1420 1042 1475 stipulata
1062 1420 1376 1476 sollempniter
1397 1423 1441 1462 et
1468 1421 1708 1476 promissa:

575 1489 643 1552 Ita
666 1490 788 1546 quod
814 1490 946 1533 liceat
966 1494 1141 1546 partem
1167 1491 1490 1534 hobedientem
1538 1505 1703 1547 penam
1730 1491 1979 1547 predictam
2006 1503 2084 1546 pe-

520 1563 630 1609 tere,
662 1561 844 1616 exigere
871 1565 915 1604 et
936 1562 1103 1604 habere
1131 1563 1188 1604 ab
1215 1575 1269 1605 ea
1295 1565 1422 1618 parte
1451 1576 1538 1618 que
1566 1561 1722 1605 lecerit
1746 1564 1902 1627 contra
1926 1561 2084 1617 hujus-

522 1631 646 1673 modi
672 1632 1065 1686 compromissum,
1109 1633 1295 1680 dictum,
1346 1636 1625 1689 preceptum,
1672 1633 1927 1681 arbitrium,
1981 1644 2085 1674 sen-

519 1702 715 1744 tenciam
743 1715 823 1744 seu
849 1703 1261 1759 permutacionem,
1292 1704 1337 1746 in
1361 1707 1453 1747 toto
1480 1704 1552 1746 vel
1579 1703 1625 1745 in
1646 1706 1787 1759 parte;

585 1773 636 1815 Et
661 1784 781 1828 pena
804 1774 1051 1817 commissa
1077 1778 1121 1817 et
1152 1778 1312 1818 exacta
1337 1775 1473 1818 simul
1524 1778 1569 1817 et
1594 1774 1778 1830 pluries,
1827 1774 2082 1830 predictum
2127 1800 2133 1806 .
2159 1766 2170 1810 ἧ

521 1844 918 1899 compromissum,
942 1845 1128 1894 dictum,
1159 1845 1411 1890 arbitrium,
1445 1849 1722 1902 preceptum.
1753 1846 1983 1888 sentencia
2002 1858 2080 1888 sen
2143 1853 2176 1869 -’·

520 1914 843 1970 pronunciacio
870 1916 1174 1972 predictorum
1201 1917 1492 1962 arbitrorum,
1517 1918 1837 1960 arbitraturum
1864 1931 1944 1960 seu
1970 1917 2084 1961 ami-
2149 1958 2159 1973 -.

519 1985 737 2029 cabilium
757 1987 1129 2043 compositorum,
1162 1991 1207 2030 et
1232 1989 1386 2030 onmia
1412 1992 1455 2031 et
1483 1989 1659 2043 singula
1685 1992 1730 2031 in
1758 2003 1813 2031 eo
1854 1991 2096 2032 contenta.v
2135 1982 2143 1996 ⁷

519 2059 619 2098 rata
645 2059 688 2099 et
715 2056 850 2100 firma
875 2061 1103 2105 maneant,
1135 2059 1379 2102 stabilitate
1402 2062 1619 2115 perpetua
1646 2059 1900 2108 firmentum

580 2128 674 2170 Hoc
700 2130 799 2170 acto
826 2129 948 2184 quod
976 2129 1181 2185 predicta
1207 2143 1325 2186 pena
1375 2130 1517 2173 semel
1544 2134 1587 2173 ct
1615 2131 1797 2186 pluries,
1824 2133 1868 2173 et
1909 2131 2083 2173 tociens
2108 2182 2112 2188 Ι
2146 2125 2162 2169 .’
2186 2174 2189 2176 .

519 2198 735 2254 quociens
761 2202 917 2242 contra
943 2200 1145 2256 predicta
1172 2200 1341 2244 lactum
1371 2200 1506 2243 fuerit
1531 2201 1605 2243 vel
1650 2201 1834 2257 aliquod
1862 2201 2084 2257 pre-diclo-
2149 2218 2158 2226 -

519 2282 638 2318 rum,
668 2269 717 2311 in
741 2270 953 2313 omnibus
991 2274 1036 2313 et
1061 2271 1251 2327 singulis
1277 2271 1487 2327 capitulis
1522 2272 1566 2313 in
1594 2272 1789 2314 solidum
1816 2273 1982 2315 comita
2007 2274 2084 2325 (z

516 2340 780 2396 commissa)
808 2344 852 2383 et
877 2342 1075 2384 comissa
1101 2342 1323 2397 exigatur.

579 2411 682 2453 Fuit
707 2411 845 2454 etiam
895 2416 1046 2455 actum
1081 2413 1198 2454 inter
1247 2413 1473 2470 predictas
1500 2417 1667 2469 partes
1721 2414 1841 2470 quod
1896 2426 2084 2469 prcsens

519 2481 903 2537 compromissum
930 2484 1062 2526 duret
1088 2487 1133 2526 et
1158 2484 1322 2526 durare
1349 2484 1494 2540 possit
1519 2484 1623 2526 hinc
1649 2485 1706 2526 ad
1745 2484 1909 2527 festum
1961 2484 2085 2526 Nati-
2135 2499 2140 2503 „

519 2551 676 2594 vitatis
702 2552 898 2601 Domini,
929 2556 973 2595 et
1023 2555 1144 2609 quod
1172 2554 1258 2597 nisi
1309 2557 1416 2597 tunc
1441 2555 1640 2610 predicte
1689 2555 1951 2610 questiones
2001 2568 2081 2596 seu
2110 2538 2167 2586 s*

519 2622 698 2678 questio
724 2623 970 2666 terminare
997 2625 1257 2673 existerent,
1282 2626 1402 2681 quod
1423 2625 1677 2680 predictum
1699 2639 1866 2681 compr
1859 2639 1931 2668 ›m
1938 2626 2103 2668 ssum‘

519 2706 602 2749 per
627 2693 824 2749 prefatos
851 2694 1069 2737 discretos
1096 2695 1218 2737 viros
1252 2696 1509 2743 arbitratos,
1539 2695 1832 2739 arbitratores
1859 2710 1939 2739 seu
1967 2697 2083 2739 auii—

522 2763 690 2806 cabiles
716 2764 1039 2819 compositores
1065 2766 1215 2807 valeat
1241 2766 1485 2820 prorogari.
