2040 3404
756 229 916 272 -491
952 253 1000 261 -

95 335 246 394 Egidii
267 335 323 380 de
348 336 490 385 risco,
522 335 706 380 domino
742 335 874 380 Petro
901 334 1152 393 Raynauffi,
1183 334 1368 378 domino
1393 334 1443 377 R.
1474 333 1612 391 Nigri.

158 407 241 459 Qui
279 407 465 465 quidem
493 407 556 451 ibi
602 410 835 464 presentes
871 407 1002 464 longe
1028 406 1130 463 plus
1180 418 1318 463 quam
1364 404 1478 449 duas
1505 407 1655 462 partes

100 477 291 534 Capituli
320 478 558 527 faciebant,
590 477 674 520 fuit
718 478 887 520 ibidem
938 477 1135 534 quedam
1180 476 1330 519 littera
1362 475 1655 519 illustrissimi

99 548 269 591 domini
296 548 413 604 regis
438 549 711 593 Francorum
740 562 820 592 suo
842 548 988 601 sigillo
1009 547 1217 603 sigillata,
1243 559 1330 604 que
1351 545 1536 590 domino
1557 561 1657 603 pre-

100 619 249 675 posito
276 623 322 664 et
346 619 552 676 Capitulo
579 619 869 675 dirigebatur,
901 621 1159 676 presentata
1178 621 1223 662 et
1247 617 1375 662 lecta.

156 689 301 734 Tener
323 693 476 734 autem
497 690 694 747 predicte
715 689 862 733 littere
889 690 1165 746 dignoscitur
1191 703 1290 733 esse
1310 689 1428 732 talis.

164 832 416 889 Phiiippus,
449 832 527 877 Dei
553 833 700 889 gratia
725 846 807 876 rex
832 832 1123 881 Francorum,
1154 832 1328 876 dilectis
1349 832 1443 876 suis
1480 835 1532 876 A.
1559 846 1657 890 pre-

98 905 242 959 posito
271 908 313 946 et
339 904 545 960 Capitulo
575 904 898 960 Magalonensi,
930 904 1123 947 salutem
1150 907 1194 946 et
1229 904 1529 948 dilectionem.

158 974 267 1018 Cum
296 975 483 1031 quidam
513 978 728 1018 tractatus
756 988 834 1018 seu
855 974 1124 1030 compositio
1150 974 1356 1031 inceptus
1384 973 1519 1017 fuerit
1538 974 1656 1018 inter

94 1048 252 1100 gentes
288 1049 461 1089 nostras
500 1060 556 1088 ex
584 1060 675 1089 una
716 1048 855 1102 parte,
882 1049 926 1088 et
970 1045 1233 1102 episcopum
1260 1044 1453 1088 Ecclesie
1504 1048 1654 1089 nostre

94 1116 423 1170 Magal‹m.÷nsis
459 1131 516 1159 ex
536 1118 690 1164 altera,
717 1130 853 1172 super
880 1117 1212 1172 permutatione
1239 1115 1363 1158 feudi
1389 1119 1505 1159 terre
1528 1118 1654 1161 Mon-

93 1189 182 1241 tsp
201 1187 302 1229 =ssu'
323 1202 332 1228 ι
356 1187 397 1233 ιί,
434 1191 479 1229 rt
510 1188 566 1230 ad
593 1187 915 1243 complendum
959 1187 1130 1228 dictum
1157 1189 1396 1229 tractatum
1422 1200 1502 1230 seu
1551 1201 1652 1247 per-

95 1257 411 1305 mutationem,
443 1257 590 1301 eidem
621 1257 866 1300 terminum
913 1256 1184 1313 prefiximus
1235 1257 1290 1299 ad
1319 1257 1502 1300 octabas
1553 1257 1654 1314 Epi·

95 1327 260 1383 phania
289 1328 464 1370 Domini
495 1328 707 1376 Pal-isius,

157 1399 449 1441 [lili-ctionem
503 1404 700 1442 vestram
757 1399 1030 1455 requirimus
1061 1402 1100 1441 et
1149 1412 1374 1454 rogamus,
1429 1404 1652 1455 quatenus

94 1469 271 1525 aliquos
299 1485 354 1512 cx
377 1473 503 1525 parte
531 1473 681 1512 vestra
709 1471 764 1512 ad
795 1471 937 1512 dictos
967 1470 1184 1512 terminos
1212 1473 1256 1511 et
1282 1470 1429 1512 locum
1456 1471 1653 1513 destine-

93 1540 164 1582 tis.
207 1540 485 1584 sufficienter
534 1541 788 1588 instructos,
820 1540 896 1596 qui
938 1543 1207 1596 potestatem
1258 1540 1454 1583 habeant
1480 1540 1649 1584 dictum

92 1614 335 1654 tractatum
364 1625 444 1654 scu
488 1612 880 1667 compositionem,
913 1612 1043 1654 nobis
1095 1611 1267 1659 utilem,
1323 1611 1579 1667 complendi
1606 1615 1651 1654 et

92 1683 419 1731 consentiendi,
450 1682 495 1724 in
521 1686 743 1739 quantum
770 1696 851 1725 vos
879 1682 1033 1738 tangit,
1065 1686 1109 1725 et
1133 1683 1222 1726 alia
1242 1682 1435 1724 faciendi
1461 1696 1550 1739 que
1577 1697 1650 1726 su·

93 1767 177 1809 per
196 1753 284 1795 hiis
314 1753 496 1795 fuerunt
521 1767 579 1795 ex
606 1756 732 1809 parte
760 1756 913 1796 vestra
940 1753 1158 1797 facienda.

155 1825 317 1867 Datum
345 1824 558 1872 Parisius,
589 1825 777 1866 sabbato
805 1829 905 1880 post
934 1824 1097 1866 festum
1128 1825 1246 1867 beati
1273 1826 1464 1868 Andree.

152 1967 249 2018 Qua
273 1967 394 2009 dieta
421 1967 567 2009 littera
612 1971 870 2022 presentata
922 1971 965 2008 et
986 1968 1113 2010 lecta.
1144 1968 1400 2024 Capitulum
1453 1971 1646 2023 Magalo-

92 2051 245 2081 nense.
276 2038 330 2080 ad
364 2051 518 2093 preces
546 2041 590 2080 et
618 2038 957 2094 requisitionem
986 2038 1090 2081 dicti
1120 2039 1290 2081 domini
1318 2040 1434 2096 regis
1462 2041 1646 2084 illustris

93 2109 381 2155 Francorum,
413 2109 470 2150 ob
498 2108 594 2164 ejus
622 2109 923 2151 reverentiam
951 2113 993 2151 et
1012 2109 1245 2158 honorem,
1270 2111 1476 2154 volentes
1497 2112 1644 2156 eidem

89 2180 138 2221 in
158 2179 371 2222 omnibus
391 2180 684 2235 complacere,
705 2180 831 2222 salvo
854 2183 1003 2222 tamen
1024 2179 1120 2235 jure
1146 2180 1479 2235 Magalonensis
1500 2183 1645 2226 Eccle-

92 2248 154 2293 sie
176 2253 219 2292 et
246 2250 480 2293 honestate
510 2264 606 2298 sua,
629 2251 876 2306 pre-habitis
905 2251 1165 2294 tractatibus
1188 2252 1303 2294 iuter
1329 2266 1420 2300 eos,
1444 2267 1645 2296 comnm-

92 2321 208 2363 niter
233 2321 480 2376 elegerunt,
514 2321 694 2363 nemim,¹
723 2321 1023 2376 discrepante,
1055 2325 1097 2363 et
1116 2335 1206 2369 cos,
1232 2322 1315 2364 loci
1343 2325 1411 2365 sui
1440 2327 1484 2366 et
1510 2325 1645 2368 totius

90 2390 282 2447 Capituli
309 2391 641 2434 constituerunt
661 2391 893 2446 religiosos
921 2394 963 2433 et
994 2391 1210 2434 discretos
1237 2394 1374 2440 viros,
1407 2394 1451 2436 in
1478 2395 1643 2451 quibus

93 2462 331 2518 sapientia.
363 2465 407 2504 et
452 2463 639 2505 seientia
666 2467 710 2505 et
754 2462 963 2505 discretio
1001 2463 1118 2505 inter
1144 2463 1256 2506 alios
1283 2465 1398 2507 dicte
1451 2465 1643 2510 Ecclesie

89 2533 326 2576 canonicos
353 2546 452 2576 esse
480 2533 742 2576 dinoscitur:
775 2533 984 2576 dominos
1012 2535 1063 2576 A.
1095 2534 1150 2576 de
1194 2534 1421 2590 Capreolis
1447 2538 1642 2594 Magalo-

92 2616 280 2658 nensem
320 2605 616 2659 prepositum.
669 2604 920 2646 Johannem
947 2604 1003 2645 de
1029 2605 1309 2649 Montelauro
1359 2608 1642 2653 decretorum

91 2674 335 2719 doctorem,
368 2674 413 2715 B.
440 2675 495 2717 de
523 2675 776 2723 Viridisico,
809 2675 857 2718 R.
890 2675 1063 2718 Alberti
1107 2677 1464 2727 archidiaconos,
1496 2685 1539 2724 et
1564 2682 1642 2724 do—

92 2743 268 2786 minum
296 2745 365 2787 Br.
397 2745 451 2787 dc
479 2745 731 2788 Homclatio
766 2746 1016 2794 sacristam,
1063 2747 1342 2791 decretorum
1395 2751 1636 2802 doctorem:

91 2815 326 2857 dominum
375 2816 627 2859 Johannem
685 2817 902 2859 Camboni
955 2818 1216 2861 vestiarium
1257 2819 1637 2875 Magalonensem‚

92 2876 379 2927 decretorum
397 2886 640 2936 doctorem;
665 2888 901 2930 dominum
923 2888 974 2930 G.
1000 2888 1055 2930 de
1081 2888 1264 2932 Cadolla
1285 2891 1479 2945 priorem
1501 2893 1644 2936 claus-
