2107 3404
729 262 981 306 -137-

73 373 362 428 sequentem.

51 433 55 436 ’
139 439 236 492 Qua
260 439 334 483 die
360 443 406 482 et
429 439 526 482 loco
551 442 704 496 partes
731 441 1040 483 convenerunt
1065 453 1217 483 coram
1262 439 1392 483 dictis
1441 438 1634 487 arbilrIs;

79 512 125 553 et
148 510 206 553 de
232 522 454 555 consensu
479 509 687 568 parcium
715 508 800 553 fuit
833 510 1097 554 continuata
1146 510 1244 554 dies
1270 524 1414 568 usque
1441 509 1499 554 ad
1524 523 1640 554 cras-

81 580 245 624 tinum.

136 722 186 765 ln
211 704 302 779 q'uo
333 720 529 766 crastino
555 725 912 778 comparuerunt
948 736 1099 766 coram
1126 722 1257 766 dictis
1282 720 1480 771 arbitris;
1512 722 1556 764 et
1584 719 1641 763 de

79 793 312 837 voluntate
339 792 544 849 parcium
571 793 761 848 predicti
788 793 944 836 arbitri
970 795 1224 840 volucrunt,
1257 794 1380 849 quod
1439 792 1644 849 quelibet

79 877 185 921 pars
212 866 365 920 posset
391 863 639 920 producere
670 863 785 907 duos
812 866 949 907 testes
976 867 1151 907 tantum
1180 878 1315 920 :uper
1342 863 1416 906 illo
1444 862 1639 906 articulo

76 935 133 978 de
162 934 421 978 Ausedatis.

136 1006 192 1050 Et
216 1005 362 1048 dictus
400 1004 613 1047 dominus
664 1005 954 1054 Bertrandus,
986 1006 1033 1047 in
1078 1005 1291 1061 predictis
1331 1003 1641 1052 consenciens,

78 1075 309 1134 produxit,
339 1089 420 1132 pro
446 1077 574 1131 parte
612 1088 718 1124 sua,
751 1075 797 1117 in
824 1078 986 1120 testem
1013 1076 1266 1119 Johanneni
1296 1075 1332 1118 T
1328 1067 1450 1117 en'ril
1475 1074 1530 1117 de
1559 1074 1645 1116 Su*-

77 1160 159 1203 per
183 1145 349 1203 vinveis;

136 1216 190 1260 Et
215 1216 361 1259 dictus
388 1229 496 1259 vero
523 1215 714 1259 Poncius
748 1216 883 1265 Petri,
923 1216 1214 1260 consenciens
1242 1216 1452 1260 similiter
1477 1215 1525 1257 in
1551 1215 1638 1258 eis-

78 1287 200 1335 dem,
221 1286 436 1343 produxit
456 1301 535 1342 pro
559 1290 686 1343 parte
715 1300 797 1329 sua
822 1287 867 1329 in
899 1290 1059 1330 testem
1086 1287 1410 1343 Raymundum
1431 1286 1485 1328 de
1508 1285 1644 1328 Sanc-

77 1361 124 1402 to
158 1356 344 1401 Nazario
366 1360 411 1400 et
431 1357 478 1398 P.
503 1357 693 1400 Brocini.

135 1428 220 1480 Qui
245 1441 403 1471 omnes
430 1430 568 1471 testes
596 1428 820 1471 nominati
839 1427 1117 1483 juraverunt,
1155 1428 1202 1469 in
1227 1427 1463 1483 presencia
1505 1427 1643 1470 dicta-

77 1512 180 1542 rum
206 1498 424 1555 parcium,
451 1512 588 1554 super
611 1499 822 1554 predictis
838 1499 984 1541 dicere
1010 1499 1265 1542 veritatem.

138 1640 246 1683 Post
270 1640 366 1689 hcc,
398 1653 517 1683 anno
545 1654 634 1696 quo
662 1654 812 1696 supra.
845 1644 887 1683 ct
914 1640 1072 1696 quinto
1099 1640 1199 1682 idus
1227 1638 1427 1695 augusti,
1455 1637 1645 1694 predicti

79 1711 250 1759 arbitri,
281 1711 571 1753 arbitratorcs
600 1724 680 1753 seu
730 1711 992 1754 amicabiles
1020 1711 1346 1766 compositores
1374 1724 1431 1752 ex
1481 1709 1637 1763 vigore

81 1784 126 1824 et
150 1782 315 1824 virtute
342 1781 448 1824 dicti
476 1782 805 1836 compromissi,
837 1782 946 1824 visis
975 1786 1017 1824 et
1043 1782 1210 1825 auditis
1241 1781 1475 1836 utriusque
1506 1779 1646 1835 partis

78 1852 344 1901 rationibus,
376 1855 419 1894 et
446 1852 684 1894 intellectis
711 1853 952 1907 diligenter
972 1856 1015 1895 et
1041 1851 1361 1899 consideratis:

140 1923 320 1966 Auditis
347 1923 492 1965 eciam
519 1926 564 1965 et
584 1923 824 1977 diligenter
875 1923 1147 1965 examinatis
1173 1922 1363 1964 testibus
1390 1921 1494 1963 hinc
1543 1919 1649 1961 inde

81 1993 328 2049 productim

141 2063 262 2107 Visis
310 2063 497 2120 insuper
547 2064 861 2108 instrumentis
900 2078 981 2120 per
1005 2062 1260 2122 quamlibet
1322 2064 1499 2119 partem
1549 2073 1650 2118 pro-

82 2134 246 2184 ductis:

145 2204 310 2249 Habito
336 2205 613 2262 prudentum
639 2196 840 2249 vimi-um
867 2205 1053 2248 consilio
1080 2204 1300 2261 diligenti,
1331 2206 1376 2246 et
1413 2203 1646 2246 voluntate

82 2278 129 2319 et
154 2288 378 2319 consensu
404 2276 710 2332 predictarum
731 2276 951 2332 parcium;

143 2346 357 2389 Volentcs
383 2346 513 2390 dictis
564 2348 879 2403 questionibus
907 2347 1048 2389 finem
1074 2347 1324 2402 imponere.
1356 2348 1400 2387 et
1437 2343 1648 2386 extermi-

83 2430 208 2466 nare.
240 2430 319 2472 pro
345 2417 463 2460 bono
502 2417 625 2473 pacis
653 2420 697 2460 et
722 2417 971 2464 concordie,
1028 2416 1307 2473 questiones,
1338 2427 1489 2457 coram
1534 2413 1645 2470 ipsis

83 2499 166 2544 per
191 2487 335 2530 dictas
362 2489 514 2543 partes
535 2488 779 2543 expositas,
815 2487 1175 2530 terminaverunt
1202 2488 1252 2528 ut
1277 2486 1497 2542 sequitur:

143 2558 192 2601 In
219 2557 378 2614 primis
423 2558 650 2613 siquidem
677 2557 906 2606 dixerunt,
961 2558 1284 2604 recitaverunt,
1315 2556 1650 2599 arbitraverunt

86 2630 131 2671 et
157 2627 571 2684 pronunciaverunt
589 2642 670 2683 pro
697 2628 954 2676 Ausedatis‚
986 2631 1036 2670 ut
1064 2627 1287 2670 territoria
1313 2626 1647 2669 Ausedatarum

84 2697 345 2748 communia
370 2698 461 2740 sint
486 2701 530 2740 et
550 2712 650 2741 esse
675 2699 873 2741 debeant
900 2698 1111 2754 predictis
1139 2698 1351 2746 dominis.
1383 2697 1497 2739 sicut
1517 2699 1641 2738 stant

71 2770 131 2810 ‘et
154 2767 496 2811 confrontantur
520 2782 579 2811 ex
604 2782 696 2812 una
721 2771 862 2825 parte,
888 2771 932 2811 et
971 2768 1238 2810 dividuntur
1267 2769 1324 2810 ab
1351 2767 1510 2809 itinere
1560 2779 1650 2822 quo

86 2836 178 2879 itur
201 2850 230 2880 a
254 2840 400 2880 castro
450 2838 506 2881 de
533 2838 752 2881 BriSsiaco
779 2851 938 2881 versus
966 2838 1252 2893 Aganticum.
1291 2836 1426 2893 juxta
1467 2836 1650 2877 vineam

87 2907 168 2949 Bu.
205 2907 261 2951 de
313 2907 469 2957 Cruce,
493 2908 615 2952 dicto
661 2908 824 2952 itinere
850 2905 901 2951 in'
949 2908 1117 2956 medio:
1142 2910 1186 2950 et
1236 2907 1581 2965 protenduntur,
1611 2907 1656 2946 ct
