2205 3299
1161 240 1206 245 --
1237 215 1323 257 :384
1359 240 1403 244 -

501 335 546 375 et
570 328 796 375 civilibus,
820 324 1038 382 pedagiis,
1064 322 1309 378 alberguis,
1333 321 1527 376 fodagiis
1554 324 1599 363 et
1624 317 1940 362 exaccionibus
1960 329 2060 360 om-

501 403 651 448 nibus,
684 401 727 442 et
770 397 870 441 aliis
897 394 1137 449 homagiis,
1168 392 1542 437 incurssionibus,
1575 393 1618 433 et
1644 402 1746 432 cum
1767 388 1891 431 omni
1914 387 2058 430 mixto

503 476 547 515 et
572 484 698 514 mero
724 467 931 524 imperio,
962 468 1006 508 et
1043 477 1144 507 cum
1173 463 1264 506 alta
1290 465 1334 505 et
1360 463 1509 509 bassa,
1543 460 1717 516 majori,
1749 457 1964 502 mediocri
2014 459 2059 500 et

502 541 675 585 minori·
692 537 1014 582 dominatione,
1046 538 1090 577 et
1116 534 1256 576 eciam
1285 546 1388 575 cum
1411 531 1698 579 molendinis,
1748 529 1907 584 vineis,
1937 540 2059 570 cam-

500 614 587 670 pis,
617 610 747 654 terris
797 608 928 652 cultis
979 609 1023 648 et
1062 604 1256 651 incultis,
1312 604 1477 659 patuis,
1532 601 1728 649 devesis,
1778 598 2056 646 nemoribus,

500 683 656 740 pratis,
711 680 836 728 ortis,
879 677 1098 734 gairigiis,
1157 674 1283 723 rivis,
1338 673 1531 729 riperiis
1563 673 1780 719 fontibus,
1835 669 1966 727 aquis
2015 671 2060 711 et

498 753 763 798 decursibus
790 761 1028 806 aquarum
1063 746 1307 793 montibus,
1338 742 1580 802 colli[bu]s,
1625 742 1847 798 ruppibus
1874 742 1919 783 et
1962 738 2061 782 val-

500 826 637 871 libus,
681 821 886 868 cassivis,
918 817 1175 874 pisqueriis,
1230 815 1550 858 venationibus
1577 817 1621 856 et
1671 810 2057 882 dominationibus

499 894 821 952 predictorum

558 969 611 1010 Et
637 964 782 1008 eciam
807 974 912 1004 oum
938 959 1151 1003 omnibus
1179 958 1279 1001 aliis
1306 956 1533 998 universis
1561 957 1605 997 et
1627 931 1832 1009 siaesgulis
1862 954 1917 996 ad
1959 966 2060 1010 pro-

502 1039 644 1082 missa
670 1032 1017 1091 pertinentibus,
1043 1032 1087 1072 et
1113 1042 1200 1084 que
1228 1028 1285 1070 ad
1307 1041 1389 1070 nos
1424 1026 1664 1082 pertinent,
1708 1026 1932 1081 pertinere
1960 1039 2062 1082 pos-

498 1112 604 1154 sunt
630 1110 674 1151 et
700 1106 869 1148 debent
893 1102 990 1158 jure
1029 1101 1196 1155 aliquo,
1229 1099 1302 1141 vel
1345 1098 1502 1153 aliqua
1529 1097 1701 1140 ratione
1729 1099 1774 1139 et
1822 1110 1973 1145 causa,
2016 1099 2061 1139 et

498 1189 788 1238 quocumque
816 1173 961 1220 titulo,
992 1174 1036 1214 et
1063 1170 1198 1212 modo
1227 1169 1358 1211 tacito
1385 1168 1458 1213 vel
1487 1181 1722 1223 expresso

559 1252 672 1292 Item
693 1250 737 1289 51
764 1244 1058 1287 medietatem
1085 1240 1329 1282 indivisam
1358 1238 1565 1281 omnium
1599 1241 1644 1280 et
1671 1224 1956 1293 singulorum
1982 1251 2062 1294 pa-

497 1328 697 1366 tuorum,
729 1313 1028 1359 existencium
1050 1311 1166 1371 infra
1194 1308 1477 1366 parrechiam
1505 1322 1594 1364 quc
1620 1309 1869 1363 vulgariter
1894 1304 2059 1352 dicitur

497 1390 739 1435 Ausedats.

558 1464 671 1506 Item
699 1463 742 1502 et
788 1457 972 1501 terciam
1001 1458 1172 1511 partem
1202 1452 1450 1499 indivisam
1503 1451 1638 1494 totius
1664 1450 1833 1506 fodagii
1858 1451 2062 1506 albergo-

498 1547 615 1580 rum,
641 1535 685 1574 et
710 1529 897 1574 usatica,
924 1529 967 1569 et
993 1526 1185 1568 aliorum
1212 1523 1419 1568 omnium
1446 1525 1489 1564 et
1534 1517 1815 1576 singulorum
1842 1522 1942 1577 que'
1983 1522 2062 1565 ha-

498 1609 677 1650 bemus,
704 1604 747 1643 et
774 1600 940 1642 habere
969 1610 1050 1639 nos
1078 1595 1289 1642 dicimUS,
1344 1593 1620 1649 percipimus
1648 1596 1692 1635 et
1720 1593 1949 1649 percipere
1978 1609 2060 1640 nos

501 1676 695 1720 dicimus
722 1673 769 1714 in
804 1672 897 1713 toto
926 1680 1109 1709 nemore
1156 1668 1314 1708 vocato
1359 1665 1413 1705 de
1469 1663 1775 1712 Comlzauson,
1806 1668 1850 1707 et
1891 1666 1935 1708 in
1963 1667 2060 1723 ejus

500 1743 800 1804 pertinentiis.

560 1820 673 1860 Item
693 1814 921 1857 usaticum
949 1811 1044 1853 sive
1066 1822 1252 1852 censum
1274 1809 1312 1849 X
1339 1807 1588 1849 solidorum
1616 1810 1660 1849 51
1686 1809 1741 1850 Vl
1767 1808 2060 1852 denariorum

502 1885 870 1944 uielgoriensium
901 1881 1184 1928 annualium,
1215 1882 1259 1921 et
1308 1878 1520 1934 quintum
1548 1878 1803 1926 bladorum,
1835 1883 1880 1922 et
1917 1881 2063 1924 domi-

501 1960 740 2003 naeionem
768 1956 907 1998 altam
936 1956 979 1995 et
1031 1953 1229 1999 bassam,
1261 1963 1398 2005 quam
1438 1949 1662 1992 hahemus
1690 1953 1735 1992 et
1785 1951 1951 1994 habere
1979 1966 2061 1995 nos

503 2030 711 2076 dicimus,
744 2025 1035 2082 percipimus,
1074 2025 1118 2065 et
1145 2021 1374 2077 percipere
1402 2034 1483 2063 nos
1522 2020 1715 2063 dicimus
1742 2024 1787 2064 et
1813 2022 2061 2066 asserimus

501 2103 548 2145 in
574 2102 666 2143 toto
694 2109 877 2140 nemore
901 2096 1057 2138 vocato
1079 2093 1134 2136 dc
1179 2092 1361 2134 Malma.
1394 2095 1437 2133 et
1457 2091 1611 2133 omnia
1636 2095 1785 2134 cetera
1811 2096 1855 2135 et
1883 2093 2063 2149 singula

502 2174 591 2216 alia
616 2184 705 2227 que
732 2169 795 2211 ibi
847 2167 1083 2209 habemus.
1119 2167 1162 2206 et
1190 2163 1359 2205 habere
1386 2162 1612 2204 debemus
1651 2163 1698 2204 in
1724 2163 1842 2206 dicto
1869 2178 2062 2218 nemore

503 2250 547 2289 et
573 2244 669 2300 ejus
697 2238 995 2297 pertinentiis.

561 2317 671 2358 ltem
698 2309 913 2368 quicquid
958 2308 1196 2353 habemus,
1228 2304 1516 2360 percipimus,
1549 2305 1716 2347 habere
1761 2309 1805 2348 et
1831 2308 2062 2364 percipere

502 2389 738 2432 debemus,
789 2385 843 2425 et„
881 2377 1203 2423 consuevimus
1230 2377 1396 2418 habere
1442 2379 1486 2418 et
1531 2375 1756 2431 percipere
1799 2377 1844 2420 in
1892 2381 2061 2423 mansis

504 2453 800 2510 infiascriptis
821 2455 865 2494 et
883 2448 1165 2507 pertinentiis
1188 2447 1297 2495 suis,
1316 2460 1604 2503 quocumque
1625 2447 1810 2490 nomine
1836 2452 1882 2491 et
1886 2463 2057 2500 causa,

503 2532 547 2572 et
573 2537 861 2583 quocumque
899 2520 1029 2564 titulo
1069 2519 1140 2565 sit,
1174 2531 1349 2560 merum
1395 2520 1438 2559 et
1465 2518 1661 2559 mixtum
1705 2518 1964 2574 imperium,
2017 2525 2063 2565 et
2110 2505 2122 2519 ²

503 2612 608 2643 cum
634 2597 725 2639 alta
751 2597 795 2637 et
838 2594 974 2634 bassa
999 2589 1309 2632 dominatione
1337 2591 1380 2630 et
1405 2585 1728 2643 jurisdictione:

565 2667 745 2711 Scilicet
773 2665 817 2705 in
846 2676 1006 2704 manso
1034 2662 1089 2702 de
1117 2660 1252 2703 Cella
1285 2659 1457 2701 ratione
1480 2659 1668 2713 predicti
1696 2659 1818 2702 feudi
1845 2661 1901 2704 de
1931 2661 2064 2705 Com-

505 2742 698 2785 hamon.
731 2739 776 2778 et
800 2735 846 2776 in
874 2732 971 2788 ejus
998 2730 1297 2786 pertinentiis

563 2813 677 2853 Item
697 2808 743 2849 in
766 2818 924 2848 manso
952 2803 1007 2844 dc
1035 2802 1233 2843 Vilarcto
1261 2803 1305 2842 et
1331 2802 1373 2841 in
1403 2800 1501 2855 ejus
1528 2801 1826 2856 pertinentiis:
1987 2808 2015 2825 f

565 2883 677 2924 Item
698 2878 744 2919 in
773 2888 932 2919 manso
954 2874 1009 2915 dc
1037 2862 1205 2927 Campo
1235 2871 1352 2912 malo
1374 2873 1417 2913 et
1446 2871 1489 2913 in
1516 2871 1612 2927 ejus
1641 2857 1938 2928 pertinentiis:
