1991 3279
940 338 1187 382 -czse-

282 451 458 492 Andron
486 448 668 490 rectoris
696 447 882 489 ecclesie
910 447 965 489 de
983 448 1165 495 Jocone,
1196 449 1240 489 et
1268 446 1356 489 mei
1383 446 1604 490 Johannis
1632 447 1687 489 de
1738 447 1842 490 Fro-

281 522 402 563 nilla.
434 520 536 561 ‹licti
562 518 733 560 domini
762 518 1095 573 Magalonensis
1117 518 1316 573 episcopi
1345 518 1514 573 publici
1542 519 1720 566 notarii,
1747 519 1840 574 qui,

279 594 333 633 ‹lv
364 592 577 632 mandato
606 590 710 631 ‹licti
740 589 913 631 domini
940 589 1093 644 bajuli,
1125 588 1208 631 hec
1227 589 1382 631 omnia
1408 592 1452 630 et
1479 589 1659 643 singula
1685 589 1842 645 scripsi

279 667 322 705 et
349 663 527 717 signum
560 674 712 703 meum
740 661 929 716 apposu}
959 661 1081 715 quod
1109 663 1177 702 est
1203 673 1413 715 sequens.

1170 803 1266 841 (Reg.
1290 802 1325 838 E,
1347 802 1404 833 fol.
1436 802 1472 832 '18
1492 807 1535 839 r⁰)

703 1085 876 1128 MGXII.
909 1110 962 1114 ——
997 1084 1023 1126 2
1051 1084 1301 1126 novembre
1331 1083 1446 1126 1:300

321 1241 551 1287 Philippe
572 1241 617 1276 le
637 1240 733 1275 Bel
752 1239 972 1275 ordonne
995 1238 1054 1274 de
1074 1239 1328 1283 respecter
1347 1238 1419 1274 les
1441 1238 1596 1274 droits
1618 1238 1676 1274 de
1696 1238 1836 1275 l’eve-

275 1311 369 1345 que
390 1300 450 1336 de
470 1299 782 1346 Maguelone.

337 1445 586 1500 Philippus,
618 1444 697 1486 Dei
723 1444 870 1499 gratia
894 1444 1168 1486 Francorum
1202 1457 1298 1488 rex,
1331 1443 1580 1486 senescallo
1601 1443 1835 1486 Bellicadri

277 1517 348 1559 vel
375 1516 471 1571 ejus
493 1517 642 1558 locum
669 1516 855 1564 tenenti,
887 1516 1094 1558 salutem.

334 1590 647 1642 Conquerente
675 1587 837 1629 dilecto
865 1591 1018 1630 nostro
1047 1587 1259 1641 episcopo
1287 1586 1610 1641 Magalonensi,
1665 1587 1837 1642 accepi-

277 1674 377 1702 mus
404 1660 525 1715 quod
579 1658 816 1706 officiales,
849 1658 1101 1700 servientes
1153 1660 1197 1700 et
1248 1657 1441 1699 ministri
1469 1658 1613 1700 nostri
1651 1658 1833 1700 illarum

274 1731 467 1786 partium
499 1731 541 1772 in
563 1730 656 1772 suis
682 1730 872 1785 juribus,
894 1729 1147 1771 franchisiis
1175 1729 1533 1775 etlibertatibus,
1559 1732 1603 1772 et
1627 1729 1830 1772 maxime

271 1817 406 1857 super
433 1802 647 1843 comitatu
674 1801 892 1855 Melgorii,
924 1814 1003 1855 pro
1031 1814 1120 1855 qno
1149 1801 1365 1842 Summus
1414 1800 1622 1842 Pontifex
1649 1801 1827 1842 noviter

275 1874 405 1915 nobis
458 1873 649 1928 scripsit,
681 1876 874 1927 gravant
923 1875 967 1914 et
1020 1872 1262 1914 molestant
1313 1872 1511 1914 eundem
1538 1871 1736 1914 indebite
1789 1875 1834 1914 et

277 1945 454 1999 injusto.
489 1944 726 1985 nonnullas
780 1943 1001 1985 novitates
1030 1943 1270 1987 indebitas,
1312 1942 1595 1997 gravamina,
1625 1942 1828 1998 injurias,

274 2031 300 2056 v
307 2016 391 2057 ‘mh
397 2030 449 2058 η(
456 2016 534 2063 ias
567 2015 886 2070 oppressiones
914 2018 957 2057 et
984 2015 1184 2069 dampnav
1206 2014 1451 2056 inferentes
1468 2014 1617 2056 eidem
1642 2014 1829 2069 impune

274 2102 361 2142 qn(
389 2101 468 2142 per
496 2101 572 2129 vos
602 2087 790 2128 minime
817 2086 1115 2141 corriguntur.

333 2160 424 2209 One
454 2159 489 2200 si
518 2171 627 2200 vera
655 2159 758 2203 sint
790 2157 923 2199 nobis
941 2171 1029 2199 non
1058 2157 1342 2199 mediocriter
1369 2157 1608 2212 displicent
1634 2159 1678 2199 et
1697 2125 1833 2212 digna

275 2230 486 2271 volumus
514 2230 786 2284 correctione
815 2229 978 2284 puniri.

332 2303 474 2351 Quare
529 2302 658 2343 vobis
687 2301 959 2342 mandamus
1005 2303 1229 2355 quatenus
1258 2300 1295 2342 si
1347 2301 1402 2342 de
1429 2300 1665 2355 premissis
1703 2300 1835 2342 vobis

272 2372 537 2417 ‹winstitcrih
597 2373 716 2427 ipsos
743 2373 798 2414 ad
851 2372 1165 2414 desistendum
1205 2386 1231 2413 a
1279 2372 1528 2426 premissis,
1560 2375 1608 2413 ut
1657 2371 1828 2426 justum

274 2443 423 2485 luerit.
460 2444 771 2498 compescatis.
806 2443 1029 2485 novitates
1056 2442 1191 2497 hujus
1220 2443 1344 2484 modi
1371 2443 1428 2485 ad
1457 2445 1626 2485 statum
1678 2443 1826 2497 pristi-

274 2528 381 2555 num
433 2518 477 2555 et
527 2515 730 2558 debitum
783 2515 1055 2556 reducendo:
1108 2514 1390 2567 gravamina,
1428 2513 1616 2568 injurias
1643 2517 1688 2556 et
1736 2514 1825 2556 alia

272 2589 427 2627 contra
442 2599 543 2627 enm
562 2586 760 2627 indebito
777 2588 1044 2641 attemptata
1060 2585 1210 2628 debite
1226 2586 1459 2632 revocetis,
1482 2598 1562 2627 nec
1576 2585 1828 2640 permitatis

273 2656 419 2697 eidem
449 2656 660 2711 episcopo
702 2657 771 2698 vel
799 2656 893 2699 suis
947 2670 1023 2711 per
1052 2656 1369 2698 ministeriales
1409 2656 1593 2699 eosdem
1628 2657 1829 2712 dampna

273 2727 439 2768 inferri.
475 2727 659 2781 injurias
713 2728 781 2769 vel
811 2727 1294 2783 gravaminairrogari,
1329 2740 1409 2769 seu
1436 2727 1586 2782 ipsum
1613 2727 1824 2783 opprimi,

273 2801 350 2839 aut
376 2798 486 2840 alias
518 2799 761 2840 molestari:
796 2799 1114 2841 illinisteriales
1139 2798 1273 2853 hujus
1293 2798 1415 2840 modi
1441 2798 1588 2841 taliter
1611 2798 1830 2841 coustrin-

270 2872 440 2921 gentes.
473 2870 592 2923 ‹jnocl
625 2873 667 2910 in
698 2870 838 2924 ipsius
867 2870 1066 2924 episcopi
1110 2870 1179 2911 vel
1208 2883 1392 2911 suornm
1423 2883 1511 2911 non
1563 2872 1834 2924 presumant

269 2940 587 2992 gravaminum
613 2941 764 2982 laxare
788 2941 1002 2983 habenas.
1029 2955 1085 2982 ex
1126 2954 1215 2995 quo
1237 2941 1432 2995 possetis
1452 2954 1480 2983 a
1500 2940 1630 2982 nobis
1670 2940 1834 2983 merito

271 3011 555 3066 reprehendi.
