2205 3299
1245 171 1329 214 292
1372 199 1409 203 -

505 277 642 322 modo
668 278 814 321 dictus
841 282 1090 335 preceptor²
1132 280 1178 322 ct
1203 277 1270 321 illi
1296 279 1353 322 de
1381 278 1555 324 familia
1580 290 1678 329 sua,
1707 282 1866 336 gentes
1891 271 2081 323 dominii·
2138 291 2143 300 ·

502 348 703 406 episcopi
728 348 950 406 impedire
978 348 1199 398 nituntur.
1229 347 1606 405 jurisdictionem,
1638 345 1677 393 si
1702 350 1903 406 possent,
1940 343 2072 393 inde·
2140 399 2142 401 ,

503 419 597 462 bite
625 422 669 462 et
689 419 855 476 injuste
885 420 1150 476 usurpando
2136 410 2148 421 ²

564 491 712 548 Super
736 491 964 548 predictis,
989 491 1115 539 ortis,
1146 490 1539 547 inquam‚g1andi
1568 491 1760 534 materia
1778 490 2071 548 questionum
2117 537 2131 546 .

503 576 561 604 ex
586 562 753 619 quibus
781 562 897 605 inter
923 562 1131 604 homines
1158 561 1264 604 dicti
1292 562 1466 605 domini
1493 561 1696 619 episcopi
1723 564 1768 604 et
1812 563 1966 605 sancte
1993 561 2072 605 do-

502 647 605 676 mus
634 633 797 675 milicie
825 633 999 689 Templi
1029 633 1154 687 brige
1181 633 1288 675 oriri
1320 636 1540 689 poterant,
1597 632 1804 676 suscitari
1858 631 2069 675 scandala

505 707 550 747 et
576 704 776 760 pericula
803 704 1001 747 evenire.
1057 694 1333 747 reverendus
1383 704 1595 747 dominus
1624 703 1936 760 Bcrengarffls,
1990 702 2072 745 Dei

500 774 647 831 gratia
665 774 1003 830 Magalonensis
1030 770 1291 831 episcopus,
1333 778 1377 818 ct
1403 775 1568 818 nobilis
1594 777 1637 817 et
1664 774 1902 829 religiosus
1928 773 2074 817 domi-

501 858 587 888 nus
615 845 752 889 frater
795 846 990 887 Poncius
1018 846 1074 888 de
1104 845 1303 893 Broseto,
1335 846 1553 901 magister
1603 845 1844 887 domorum
1894 844 2071 900 Tempii
2127 844 2134 871 ἵ

499 916 546 957 in
572 916 825 964 Provincia,
855 916 978 972 apud
1005 916 1260 958 Terrallum
1288 916 1539 958 existentes
1561 915 1606 957 in
1641 915 1816 971 capella
1859 915 1965 957 dicti
1991 901 2072 957 do*-
2117 950 2132 955 ..

506 986 619 1029 mini
646 986 861 1043 episcopi,
913 986 1234 1029 communibus
1260 986 1420 1029 amicis
1471 986 1866 1042 interponentibus
1917 988 2070 1042 partes
2134 979 2138 982 ’

498 1056 635 1108 suas'·‚
666 1071 746 1114 pro
772 1058 891 1100 bono
917 1057 1040 1113 pacis
1067 1060 1112 1099 et
1155 1057 1391 1100 concordie
1417 1057 1660 1115 voluerunt
1685 1059 1730 1100 et
1770 1059 2072 1113 preceperunt
2128 1052 2130 1056 '

502 1129 626 1186 quod
652 1128 843 1186 predicti
869 1130 1106 1184 preceptor
1131 1131 1176 1171 et
1195 1131 1459 1184 procurator
1493 1126 1679 1184 predicti
1730 1127 1904 1170 domini
1949 1127 2070 1184 epis·
2134 1153 2141 1187 2

504 1200 605 1255 copi
631 1199 1056 1256 compromitterent
1080 1199 1169 1242 alte
1197 1203 1242 1242 et
1267 1200 1415 1243 basse.
2127 1187 2129 1191 ¹

564 1271 618 1314 Et
661 1270 927 1314 immediate
953 1273 1000 1314 et
1042 1265 1097 1312 vin
1123 1271 1286 1313 eodem
1313 1271 1517 1320 instanti,
1548 1269 1709 1326 prefati
1754 1273 1990 1327 preceptor
2025 1273 2072 1314 ct
2116 1283 2136 1290 ’·

501 1344 776 1398 procurator,
830 1341 1120 1397 presentibus
1160 1344 1204 1385 et
1230 1342 1555 1385 mandantibus
1611 1341 1827 1397 predictis
1871 1341 2069 1385 dominsss

502 1413 714 1470 episcopo
741 1415 785 1456 et
811 1413 1042 1467 magistro,
1087 1413 1498 1469 compromiserunt
1524 1413 1571 1455 in
1596 1412 1814 1456 discretos
1843 1408 1966 1456 viros
1991 1412 2070 1455 do-
2102 1454 2108 1456 ⁷

507 1484 684 1527 minum
730 1484 1023 1527 Guillelmum
1051 1484 1176 1526 Fulci
1202 1484 1470 1526 canonicum
1520 1484 1864 1527 Narbonensem
1889 1486 1935 1526 et
1957 1479 2071 1540 juxis
2118 1482 2123 1495 ³

509 1555 656 1598 civilis
700 1555 1021 1611 professorem,
1053 1557 1097 1598 et-
1123 1555 1359 1598 dominum
1386 1555 1685 1599 Gaucelmum
1711 1555 1976 1611 Raymundi
1999 1554 2069 1611 ju-

503 1626 780 1682 risperitum,
811 1628 1029 1682 tanquam
1057 1626 1104 1668 in
1142 1626 1349 1674 arbitros,
1380 1626 1670 1669 arbitratores
1697 1639 1779 1669 seu
1805 1625 2068 1669 amicabiles

499 1697 839 1753 compositores.
895 1697 1013 1738 utin
1042 1697 1342 1739 instrumento
1393 1697 1499 1739 inde
1538 1697 1655 1739 tacto
1701 1696 1881 1753 plenius
1921 1695 2070 1740 conii·
2102 1691 2124 1743 J

500 1773 646 1810 netur.
1391 1782 1395 1785 ·

560 1912 613 1955 Et
639 1912 830 1968 predicti
880 1912 1052 1959 arbitri,
1084 1913 1381 1955 arbitrator-es
1410 1925 1490 1954 seu
1539 1911 1804 1954 amicabiles
1843 1912 2068 1967 composi·—
2095 1904 2133 1964 s'
2163 1930 2165 1935 ¹

497 1987 633 2032 tores,
687 1984 895 2039 receptis.
926 1983 1094 2026 auditis
1140 1988 1184 2026 ct
1234 1982 1508 2026 examinatis
1553 1981 1722 2024 mutuis
1771 1982 2113 2038 petitionibus·
2135 1975 2139 1978 ⁴
2160 1972 2163 2016 s

500 2054 703 2111 parcium
727 2055 1053 2110 predictarum:
2088 2096 2093 2101 ,.

557 2125 777 2182 Inquisita
803 2139 940 2181 super
960 2126 1173 2181 predictis
1199 2128 1517 2183 questionibus
1562 2127 1825 2182 diligentius
1852 2127 2057 2174 veritato,
2106 2115 2115 2145 ³
2148 2153 2150 2155 »

504 2209 608 2239 cum
634 2196 724 2239 illis
745 2209 849 2239 cum
870 2197 1037 2253 quibus
1059 2197 1227 2240 veritas
1255 2198 1360 2241 sciri
1381 2202 1559 2255 poterat
1584 2202 1630 2241 et
1649 2198 1861 2247 debebal;
2101 2248 2103 2250 ¹

550 2267 771 2324 Inspectis
798 2267 937 2310 etiam
965 2267 1279 2311 instrumentis
1336 2269 1568 2325 productis
1596 2282 1623 2312 a
1649 2270 1911 2325 preceptore
1964 2280 2063 2323 pre·
2083 2257 2096 2290 7,

490 2338 624 2387 dicto,
657 2352 737 2394 per
756 2352 843 2394 que
866 2340 1057 2395 probare
1079 2339 1206 2382 nisus
1233 2342 1302 2383 est
1326 2340 1384 2383 ad
1410 2345 1474 2387 sei
1508 2340 1688 2383 nomine
1716 2340 1880 2382 domus
1926 2339 2063 2382 Tem-
2082 2335 2088 2361 7
2149 2338 2154 2394 ζ’

494 2409 575 2465 pli,
606 2412 650 2451 et
675 2409 732 2452 ad
760 2409 909 2465 ipsam
936 2410 1125 2453 domum
1168 2410 1534 2466 jurisdiccionem
1579 2410 1894 2461 omnimodam
1924 2410 2082 2466 perti-'>

491 2493 599 2522 nere
650 2480 838 2535 predicti
867 2481 1127 2528 tenementi
1156 2484 1226 2523 ct
1270 2495 1408 2538 super
1453 2481 1737 2547 possessione
1789 2494 1869 2524 scu
1921 2478 2056 2537 quasi

496 2550 737 2593 exercendi
763 2550 1127 2606 jurisdiccionem
1156 2566 1237 2608 per
1263 2552 1435 2595 dictum
1481 2555 1792 2608 preceptorem
1822 2551 1891 2594 vel
1919 2551 2089 2596 alinm‘,
2142 2563 2147 2599 ῑ

493 2620 717 2664 familiam
744 2622 918 2678 Templi
946 2623 992 2664 in
1019 2623 1138 2665 dicto
1183 2623 1408 2693 territorio
1435 2622 1481 2665 in
1508 2623 1689 2666 casibus
1715 2622 2056 2667 occurrentibus
2138 2610 2145 2645 3⁴

493 2690 653 2734 habita
679 2692 882 2739 veritate:
1870 2733 1872 2735 .

490 2798 493 2801 ⁴
553 2762 636 2805 Et
626 2776 726 2819 ipso
756 2763 984 2806 territorio
1012 2777 1094 2820 per
1119 2763 1245 2820 ipsos
1278 2764 1486 2811 arbitros,
1516 2764 1832 2807 arbitr-atores
1835 2777 1916 2806 seu
1942 2763 2086 2824 ami—3

495 2832 664 2876 cabiles
691 2833 1031 2889 compositores.
1064 2834 1268 2889 subjecto
1294 2835 1436 2877 oculis
1462 2848 1564 2876 eum
1593 2834 1807 2891 predictis
1826 2834 2096 2907 ,partibus
2128 2875 2130 2878 .
