2107 3404
737 235 791 239 »--
821 207 906 251 353
936 232 989 247 -.-

259 355 268 377 ἱ

333 453 562 498 Dccxcn.
590 479 642 486 -
670 453 930 510 3OJanvie1·
955 453 1070 498 1286
1089 416 1160 508 ’(ᾙ.
1191 466 1227 496 s.
1259 451 1391 508 1287)

132 593 467 631 Ermessende
488 595 537 631 et
557 604 615 630 sa.
632 594 770 631 mex-e
790 595 966 639 Mario,
1005 602 1162 631 veuve
1182 593 1243 630 de
1279 591 1559 630 Guillaumo
1580 593 1640 630 do

79 651 247 696 l’Aire‚
268 652 620 690 abandonnent
641 653 671 689 a.
690 652 798 689 leur
817 653 959 690 oncle
980 654 1030 690 et
1040 650 1325 691 beau-m
1336 652 1471 689 leura
1484 652 1639 689 droit·

80 720 168 746 mu·
185 710 235 747 la.
253 712 539 748 succession
559 711 619 748 de
639 711 747 748 leur
765 711 885 758 pore
904 712 954 748 et
973 711 1114 748 mari.

138 841 270 883 Anno
291 840 520 884 Dominice
541 841 871 886 Iucarnacionis
893 842 1136 885 millesimo
1157 842 1640 908 ducentesimo'octua-

6 960 21 966 „
75 911 252 965 gesimo
272 914 416 958 sexto,
437 913 605 955 scilicet
624 913 753 955 tertio
776 912 995 956 kalendas
1017 913 1249 960 februarii.
1266 913 1452 957 domino
1467 914 1639 971 Philip-

12 974 23 980 *
78 995 141 1038 po-
160 981 434 1026 Francorum
456 996 558 1038 rege
581 987 812 1038 regnante,
833 997 914 1038 ego
942 983 1250 1032 Ermecendis,
1281 983 1379 1027 filia
1404 985 1637 1040 quondam

74 1051 305 1095 Guillelmi
331 1053 388 1096 de
415 1054 533 1096 Area
558 1054 613 1096 de
654 1054 818 1097 Sancto
840 1053 998 1110 Egidio
1038 1054 1094 1097 de
1121 1054 1261 1102 Fisco.
1297 1058 1342 1097 et
1367 1067 1450 1111 ego
1475 1055 1632 1103 Maria.

74 1135 191 1164 uxor
216 1124 459 1179 quondam?
494 1124 725 1167 Guillelmi
747 1125 802 1166 de
830 1126 961 1172 Area,
991 1124 1236 1168 certificate
1263 1125 1319 1168 de
1363 1127 1635 1170 testamento

75 1191 181 1235 dicti
226 1194 459 1250 quondam
512 1194 740 1237 Guillelmi
769 1195 825 1237 de
853 1196 984 1243 Area,
1013 1195 1159 1250 gratia
1202 1196 1517 1240 transactionis
1538 1197 1635 1240 sive

73 1263 326 1307 amicabilis
352 1265 708 1320 compositionis,
729 1266 842 1308 facte
870 1265 987 1308 inter
1013 1279 1094 1309 nos
1121 1269 1165 1309 et
1186 1269 1228 1309 te
1244 1266 1551 1310 Raimundum
1578 1269 1653 1319 de¹

72 1334 189 1376 Area
212 1338 425 1390 patruum
454 1336 543 1378 mei
570 1335 686 1378 dicte
714 1336 1020 1384 Ermecenffls,
1037 1337 1261 1379 donamus
1288 1340 1332 1380 et
1352 1338 1634 1381 devestimus

73 1417 171 1447 nos.
190 1405 307 1447 dicte
330 1405 425 1447 filia
440 1408 484 1449 et
513 1409 671 1454 mater.
694 1406 937 1449 donatione
958 1420 1073 1462 pura
1098 1410 1142 1449 et
1162 1407 1357 1464 simplici
1372 1408 1488 1451 inter
1502 1409 1632 1452 vivos

73 1474 169 1522 tibi,
218 1474 337 1518 dicto
382 1476 638 1519 Raimundo
665 1476 721 1519 de
761 1478 878 1520 Area
927 1480 972 1520 et
999 1477 1102 1525 tuis,
1153 1478 1471 1535 quodcumque
1496 1479 1568 1535 jus
1589 1483 1633 1522 et

71 1559 410 1603 quamcumque
431 1546 656 1590 actionem
677 1550 722 1589 et
736 1547 981 1596 racionem,
1002 1548 1274 1604 etquicquid
1292 1561 1372 1592 nos
1393 1552 1471 1592 aut
1490 1551 1633 1593 altera

72 1619 277 1659 nostrum
306 1617 544 1664 habemus,
575 1617 742 1660 habere
771 1631 1014 1673 possumus
1043 1619 1115 1661 vel
1142 1618 1378 1667 debemus,
1426 1624 1506 1664 aut
1530 1635 1629 1678 pos-

71 1701 225 1730 semus
252 1687 419 1731 habere
445 1689 492 1730 in
518 1688 735 1736 futurum,
756 1678 926 1731 ratione
948 1692 993 1732 et
1012 1690 1244 1733 occasione
1265 1690 1400 1746 legati
1418 1691 1628 1741 instituti.

68 1758 141 1801 vel
168 1758 480 1802 successionis.
512 1758 584 1801 vel
613 1759 965 1807 substitutionis,
998 1759 1082 1802 aut‘
1118 1760 1207 1803 alio
1260 1762 1396 1804 modo
1420 1762 1468 1804 in
1493 1764 1630 1807 rebus

69 1829 281 1872 omnibus
308 1832 352 1872 et
377 1829 568 1884 singulis
590 1829 779 1872 inferius
805 1830 1116 1874 confrontatis.

129 1900 252 1942 Dicte
279 1902 431 1942 autem
459 1913 529 1942 res
557 1903 663 1944 sunt
690 1900 786 1943 hec:
820 1914 1008 1944 mansus
1035 1901 1182 1946 dictus
1211 1903 1267 1945 de
1295 1904 1499 1960 Roqueta
1526 1918 1630 1949 cum

22 1961 37 1972 ”
70 1971 164 2013 suis
191 1971 492 2026 pertinentiis,
523 1971 601 2026 qui
624 1974 801 2014 tenetur
824 1985 851 2014 a
876 1975 1021 2014 castro
1047 1972 1427 2024 Montisferrandi;
1457 1979 1501 2018 et
1526 1989 1630 2019 con—

72 2041 293 2083 frontatur
318 2041 464 2084 dictus
495 2054 679 2084 mansus
706 2055 811 2084 cum
837 2043 944 2086 suis·
984 2043 1271 2098 pertinentiis
1297 2057 1401 2087 cum
1429 2046 1617 2096 Valeria,

69 2116 241 2154 etcum
280 2111 448 2154 honore
495 2113 729 2154 Laurencii
756 2113 812 2155 de
839 2113 969 2170 Pcceq
1023 2111 1218 2171 Gayras‚
1249 2118 1294 2157 et
1336 2130 1439 2158 cum
1468 2131 1627 2161 manso

67 2182 217 2237 campi
239 2182 427 2224 Carrerii
454 2184 647 2225 carrerIa
673 2184 718 2225 in
746 2184 910 2226 medio.

128 2255 239 2295 item
291 2267 478 2295 mansus
529 2254 675 2296 dictus
703 2254 769 2297 de.
803 2254 905 2296 Duc
928 2267 1033 2297 cum
1072 2257 1167 2299 suis
1213 2258 1516 2313 pertinentiis,
1547 2262 1626 2317 qui

69 2326 249 2366 tenetur
273 2337 300 2366 a
326 2324 443 2366 dicto
494 2328 639 2367 castro
690 2325 1073 2375 Montisferrandi;
1097 2330 1141 2369 et
1183 2328 1498 2372 confrontatur
1521 2344 1624 2375 cum

69 2394 239 2436 honore
265 2394 496 2437 Guillelmi
524 2395 740 2451 Albareti‚
767 2399 811 2438 et
836 2408 939 2438 cum
967 2397 1135 2440 honore
1151 2399 1397 2442 Ralmundi
1418 2399 1621 2451 Mallias,

68 2468 113 2506 et
138 2477 240 2507 cum
268 2465 437 2507 honore
459 2468 535 2507 tuo
561 2478 698 2521 quem
722 2469 847 2508 tenes
873 2467 931 2509 ab
958 2467 1201 2512 heredibus
1243 2472 1477 2527 quondam
1502 2473 1627 2516 Guil-
1659 2466 1665 2472 ”

8 2581 30 2590 ,ι
67 2534 193 2577 lelmi
220 2534 425 2582 Princer‚
450 2538 495 2578 et
520 2549 622 2578 curn
651 2536 810 2578 itinere
838 2537 1018 2593 publico
1044 2539 1459 2595 Montispessulani.

128 2605 275 2648 Onera
320 2605 594 2648 usaticorum
621 2620 710 2663 quc
757 2608 947 2663 prestari
998 2609 1167 2651 debent
1193 2613 1237 2652 et
1281 2611 1516 2656 debebunt
1543 2629 1623 2670 pro

67 2676 203 2720 rebus
228 2678 273 2718 et
298 2676 661 2731 possessionibus
706 2678 915 2733 superius
941 2679 1250 2729 confrontatis,
1281 2684 1328 2724 tu
1354 2686 1399 2725 et
1419 2683 1484 2726 tui
1523 2699 1624 2740 por-
1694 2707 1701 2713 «

0 2750 1 2767 ¹
69 2747 221 2790 tabitis
247 2746 293 2788 in
320 2749 589 2802 perpetuum
616 2751 662 2790 et
681 2748 977 2792 sustinebitis.

127 2817 237 2860 item
258 2817 490 2872 quoddam
511 2822 824 2881 casamentum
844 2822 890 2862 et
908 2821 1045 2864 curtis
1065 2816 1279 2877 quedam.
1304 2810 1515 2879 contigua
1536 2826 1621 2882 ipsi
1654 2827 1657 2831 ⁴

231 2899 324 2929 Cart.
344 2898 386 2928 de
403 2898 494 2937 Mag.
510 2899 545 2929 T.
570 2898 615 2929 111
1295 2904 1334 2933 45
