2107 3404
699 170 947 216 -349—

7 278 10 280 ’
46 278 315 328 decembris,
345 278 529 322 domino
555 278 777 335 Philippo,
802 279 883 322 Dei
907 279 1053 335 gratia
1077 292 1181 334 rege
1217 279 1491 322 Francorum
1537 295 1603 324 re·

47 352 230 406 guante,
260 352 306 392 et
330 349 515 393 domino
542 350 828 404 Berengario‚
859 350 938 393 Dei
966 349 1249 406 providentia
1294 350 1604 405 Magalonensi

49 420 260 477 episcopo
286 420 559 477 presidente,
612 419 693 463 n6s
743 420 1056 475 Berengarius,
1111 420 1400 464 miseratione
1451 421 1607 466 divina

49 491 382 547 Magalonensis
409 490 660 546 episcopus,
694 504 776 546 per
820 505 900 534 nos
928 494 971 533 et
997 504 1157 533 omnes
1184 504 1464 534 successores
1502 506 1606 535 nos-

49 564 157 610 tros,
187 562 350 615 damus
377 564 422 603 et
455 561 746 604 concedimus
774 575 892 603 nunc
918 564 962 603 et
1005 562 1305 617 imposterum
1333 563 1461 605 Petro
1489 564 1607 606 Gau-

49 631 149 674 terii
175 635 224 674 eb
238 632 430 674 Martino
450 631 751 674 Bertholomei
773 631 828 674 de.
857 631 1086 680 BaIazuco,
1111 631 1296 675 sindieis
1324 646 1404 676 seu
1441 647 1608 691 ycono-

10 706 14 709 '
53 702 140 745 mis
166 702 476 745 universitatis
495 702 627 744 castri
649 702 705 744 de
732 701 964 751 Balazuco,
983 702 1305 758 recipientibus
1332 717 1411 759 pro
1432 717 1479 746 se
1495 704 1607 761 ipsis

0 776 2 779 ’
52 777 98 816 et
118 773 413 816 universitate
441 772 680 815 hominum
707 772 813 815 dieti
841 773 988 821 castri,
1016 773 1246 817 libertates
1268 777 1312 816 et
1332 776 1608 818 munitiones

53 857 142 900 que
169 847 383 886 secuntur
403 843 627 886 videlicet:

112 914 239 966 Quod
267 917 319 961 si,
352 914 410 956 ab
437 913 520 956 hac
545 914 617 955 die
645 913 691 955 in
719 916 866 961 antea,
897 915 1148 957 avunculus
1175 929 1255 958 seu
1277 918 1503 966 avunculi,
1533 932 1612 973 pa-

57 985 290 1030 truus’seu
342 985 491 1040 patrui
544 984 801 1027 dividerent
827 998 907 1027 seu
958 985 1233 1028 divisionem
1284 987 1499 1036 facerent,
1531 1002 1611 1031 seu

0 1054 4 1062 '
58 1056 204 1100 tacere
233 1056 402 1098 vellent
428 1056 650 1098 bonorum
695 1055 1022 1103 communium,
1048 1070 1136 1112 que
1188 1057 1357 1099 habent
1383 1063 1427 1100 et
1470 1059 1613 1114 possi-

3 1156 13 1164 ·
58 1127 180 1174 dent,
211 1139 312 1168 cum
342 1126 582 1182 nepotibus
610 1139 689 1168 seu
719 1126 929 1181 neptibus
966 1127 1077 1174 suis,
1108 1126 1215 1170 filiis
1243 1131 1288 1170 et
1314 1128 1496 1172 filiabus
1523 1130 1613 1171 dic-

60 1201 208 1241 torum
253 1197 583 1239 avunculorum
611 1199 656 1238 ct
695 1199 976 1252 patruorum,
1009 1198 1146 1254 quod,
1177 1211 1234 1240 ex
1263 1199 1338 1241 tali
1389 1200 1614 1243 divisione

59 1270 174 1312 inter
202 1268 424 1324 predictos
451 1268 615 1310 amodo
638 1267 842 1310 facienda
869 1268 1026 1310 talium
1054 1269 1275 1311 bonorum
1301 1272 1613 1313 communium
1649 1312 1652 1315 Δ

61 1338 345 1396 presentium
371 1344 415 1380 et
442 1339 698 1379 futurorum
726 1341 769 1379 et.
808 1338 1209 1394 adquirendorum‚
1240 1340 1511 1383 laudinlium
1539 1356 1617 1383 no—

58 1410 130 1453 bis
151 1412 196 1452 et
221 1408 555 1452 successoribus
584 1408 760 1456 nostris
793 1408 1125 1462 Magalonensis
1152 1409 1347 1453 Ecclesie
1374 1412 1611 1467 episcopis,

59 1481 138 1537 qui
167 1494 246 1536 pro
275 1483 476 1534 tempore
502 1478 684 1527 fuerint,
716 1478 912 1521 dominis
939 1479 1047 1521 dicti
1095 1481 1244 1528 castri,
1276 1481 1381 1524 dare
1410 1483 1482 1524 vel
1532 1484 1618 1524 sol-

61 1564 168 1594 vere
197 1550 385 1593 minime
413 1552 666 1593 teneantur.

125 1622 236 1664 Item
275 1621 439 1663 damus
465 1610 509 1663 et
528 1620 818 1663 concedimus
852 1621 1063 1676 predictis
1085 1622 1347 1666 hominibus
1369 1627 1412 1667 et
1439 1624 1619 1667 nomine

9 1723 18 1739 2
66 1692 375 1736 universitatis
402 1691 507 1733 dicti
535 1691 685 1739 castri,
717 1691 854 1747 quod,
886 1692 923 1734 si
950 1692 1106 1735 abhoc
1132 1693 1205 1735 die
1232 1693 1278 1736 in
1305 1697 1440 1737 antea
1482 1696 1624 1738 conti-

0 1762 20 1773 ”
63 1766 191 1820 geret
216 1763 336 1820 quod
366 1762 506 1805 frater
531 1775 610 1804 seu
640 1761 800 1805 fratres
828 1764 1087 1806 succederet
1114 1777 1193 1806 seu
1221 1766 1509 1808 succederent
1536 1766 1623 1809 lra-

0 1841 19 1849 “’
67 1835 125 1877 tri
150 1847 232 1877 suo
259 1846 340 1877 seu
367 1832 580 1876 fratribus
608 1833 716 1880 suis,
743 1833 883 1876 sorori
911 1847 990 1876 seu
1019 1835 1262 1884 sororibus,
1294 1840 1339 1878 ct
1360 1849 1381 1877 e
1404 1850 1623 1880 converso

33 1935 45 1944 ,
68 1919 195 1949 soror
219 1905 292 1947 vel
319 1901 494 1951 sorores
520 1904 781 1946 succederet
810 1904 879 1946 vel
908 1906 1199 1948 succederent
1225 1906 1348 1949 fratri
1378 1923 1454 1950 seu
1481 1910 1625 1951 fratri-
1652 1951 1658 1955 ,

5 1966 7 1970 ⁴
67 1977 154 2019 bus
181 1975 277 2018 sive
304 1988 362 2018 ex
383 1964 654 2017 testamento
675 1978 965 2030 parentorum
993 1989 1193 2023 suorum,
1214 1991 1292 2019 seu
1315 1979 1372 2019 ab
1395 1979 1620 2026 inti-stato.

70 2049 115 2090 et
141 2060 199 2088 ex
224 2046 383 2102 legatis
411 2045 633 2100 dictorum
662 2048 902 2100 parentum
931 2047 1104 2088 eisdem
1132 2041 1277 2096 factis,
1309 2062 1387 2092 seu
1417 2065 1472 2092 ex
1517 2066 1626 2107 quo-

71 2130 267 2174 cumque
288 2116 377 2159 alio
403 2115 500 2177 jure
529 2116 834 2177 successionis⁴
857 2117 1114 2159 succederet
1141 2133 1258 2161 unus
1285 2120 1376 2169 alii,
1407 2123 1527 2176 quod
1571 2136 1628 2164 ex

10 2215 16 2237 ;
72 2188 242 2231 talibus
268 2186 553 2230 successione
582 2190 626 2228 et
664 2188 1026 2230 successionibus
1053 2192 1097 2231 et
1146 2190 1320 2244 legatis,
1376 2193 1575 2234 vicissim
1603 2208 1629 2235 a

75 2259 289 2316 predictis
316 2253 531 2317 iratribus
559 2260 602 2299 ct
629 2258 860 2300 sororibus
882 2259 957 2300 urii
986 2259 1114 2301 alteri
1142 2260 1285 2309 lactis,
1340 2262 1626 2311 laudimiuni,

73 2332 126 2373 ut
152 2329 427 2387 premissum
449 2315 517 2380 est
544 2341 695 2383 supra,
727 2329 834 2379 dare
856 2329 927 2371 vel
956 2329 1130 2372 solvere
1159 2331 1347 2374 minime
1379 2336 1627 2376 tencantur.

135 2398 438 2456 Item-‚damus
466 2390 840 2459 ets-concedimus
862 2400 1075 2454 predictis
1096 2401 1373 2451 hominibus,
1429 2405 1564 2447 niodo
1590 2410 1635 2448 et

75 2465 224 2514 >forma
249 2458 421 2532 quibus¹
443 2482 595 2524 snpra,
618 2473 682 2520 set
731 2471 790 2511 ob
818 2470 1022 2512 savorem
1078 2471 1281 2527 ipsorum
1308 2477 1353 2516 et
1396 2474 1634 2518 hominum

19 2531 43 2542 ‘⁴
78 2540 390 2584 universitatis
418 2539 924 2595 Predic'te,=et·gratiam
952 2542 1211 2596 specialem,
1248 2546 1385 2600 quod,
1417 2545 1453 2588 si
1499 2549 1634 2589 mari-

18 2609 50 2666 ³}-
81 2615 168 2658 tus,
198 2612 256 2654 ab
283 2610 369 2653 hac
393 2610 466 2652 dic
495 2611 539 2652 in
566 2614 714 2659 antea,
748 2612 877 2653 daret
905 2612 976 2654 vel
1005 2613 1297 2666 donationem
1326 2615 1508 2665 laceret,
1565 2620 1636 2660 vel

20 2667 51 2742 ’ἦ
80 2682 137 2741 de
164 2681 294 2724 bonis
323 2681 465 2736 ipsius
494 2682 658 2730 mariti,
691 2683 762 2724 vel
790 2683 845 2724 de
872 2683 1025 2739 aliqua
1051 2687 1177 2739 parte
1207 2685 1425 2740 ipsorum,
1456 2692 1528 2729 aul
1562 2690 1637 2729 bo-

82 2742 245 2796 norum
273 2765 476 2800 suorum,
507 2752 579 2794 vel
612 2752 803 2808 alicujus
831 2754 971 2808 partis
1000 2754 1207 2809 ipsorum
1238 2757 1475 2799 bonorum.
1511 2761 1638 2801 exeri

83 2836 179 2870 sue,
217 2836 297 2865 scu
325 2822 524 2877 legatum
550 2823 598 2864 in
626 2826 896 2866 testamento
923 2837 1006 2866 suo
1033 2825 1204 2867 eisdem
1235 2826 1396 2868 faceret
1427 2830 1480 2868 «le
1512 2830 1639 2871 bun.»-

27 2881 65 2956 »ἒ

28 2955 65 3035 3

30 3033 69 3135 σιξ

34 3246 82 3404 Ξ
