2040 3404
744 175 793 179 -
824 149 988 199 5353-

90 253 208 297 intra
241 253 523 299 ,bailliviam.
557 253 709 297 Salvii.
766 259 809 297 et
858 254 1111 311 specialiter
1136 253 1183 296 in
1234 256 1379 295 castro
1407 253 1460 295 (le
1513 254 1630 297 Roca

93 323 307 379 predicto.

151 394 234 446 Qui
261 395 407 438 dictus
435 395 645 439 dominus
681 395 908 439 Johaunes
936 397 990 438 de
1019 396 1208 439 Salsano
1228 394 1400 450 juratus
1427 407 1636 450 recogno-

93 465 158 506 vit
184 469 228 508 et
252 465 482 508 confessus
510 466 591 507 fuit
619 466 816 509 dominis
839 467 1047 509 Guidoni.
1078 466 1301 520 Rostagno
1328 468 1370 508 et
1397 465 1652 526 Guillelmo·

97 535 152 577 de
180 537 401 591 Negarem
432 536 657 592 predictis,
691 537 1011 592 stipulantibus
1039 540 1082 579 et
1108 536 1427 592 recipientibus
1455 535 1635 577 nomine

92 605 262 648 domini
311 607 442 662 regis.
495 607 663 650 dictum
724 608 957 649 dominum
1011 610 1212 650 nostrum
1263 621 1412 663 regem
1468 606 1634 650 habere.

91 678 354 726 exercitum,
385 681 429 720 et
479 679 792 733 quevalcatam
834 683 877 721 et
904 679 1089 721 tailliam
1118 679 1162 720 in
1189 681 1332 721 castro
1376 678 1430 719 de
1477 678 1633 734 Ruppe

90 748 287 804 Ayneria
314 748 358 790 iu
409 752 533 804 parte
561 763 657 795 sua,
689 753 732 792 et
779 749 1038 792 hominibus
1089 750 1396 792 habitantibus
1424 749 1466 790 in
1519 749 1633 792 dicta

87 822 214 874 parte
242 832 323 861 sua
343 823 387 862 et
409 820 690 875 pertinentiis
713 820 824 875 ejus;
856 823 899 861 et
927 834 973 862 sc
996 820 1230 862 subditum
1255 823 1298 861 et
1320 820 1405 861 sub
1433 820 1637 862 districtu

88 890 260 932 domini
289 890 406 946 regis
434 894 477 933 et
503 891 622 933 curie
652 904 746 939 sue;
785 894 827 933 et
855 891 1089 933 dominum
1120 904 1270 945 regem
1311 891 1474 933 habere
1502 903 1635 933 omne.

85 959 156 1016 jus
183 961 365 1004 ressorti
395 975 533 1017 super
560 975 663 1004 eum
686 962 732 1004 in
754 962 873 1004 dicta
895 965 1019 1017 parte.
1042 962 1148 1004 dicti
1176 962 1311 1003 castri
1341 965 1384 1003 et
1410 961 1634 1017 pertinenss

87 1031 258 1074 ciarum
310 1031 422 1087 ejus;
453 1036 496 1074 et
522 1033 753 1075 dominum
784 1046 936 1088 regem
964 1046 1060 1075 esse
1112 1033 1156 1074 iu
1184 1032 1533 1088 possessionem,
1564 1032 1636 1075 vel

86 1102 232 1157 quasi,
261 1102 372 1158 juris
399 1103 638 1145 exercendi
692 1116 868 1145 merum
918 1103 1159 1159 imperium
1207 1104 1250 1144 iu
1279 1103 1395 1145 dicta
1421 1106 1546 1158 parte
1592 1106 1636 1145 et

86 1172 183 1228 ejus
206 1174 505 1228 pertinentiis.

146 1244 256 1286 Item
287 1246 546 1300 recognovit
566 1246 686 1302 quod
717 1246 811 1301 ipse
859 1248 1049 1293 tenetur,
1079 1245 1209 1301 juxta
1235 1245 1531 1300 quantitatem
1560 1246 1634 1287 bo-

87 1328 249 1357 norum
300 1328 487 1358 suorum
514 1330 601 1373 que
648 1317 786 1359 habet
813 1317 927 1359 infra
967 1317 1132 1359 dictam
1183 1316 1447 1372 bayliviam,
1477 1315 1639 1358 contri-

86 1385 224 1428 buere
251 1386 298 1428 in
325 1387 454 1442 equis
505 1388 707 1430 armatis.
733 1387 914 1443 quaudo
942 1386 1109 1429 suerint
1149 1400 1227 1429 seu
1281 1391 1538 1442 prestantur
1563 1387 1640 1428 do-

89 1456 211 1498 mino
237 1457 345 1511 regi,
369 1460 415 1500 et
439 1459 584 1513 (ειη)
605 1458 682 1500 alii
709 1458 885 1501 nobiles
913 1458 1031 1502 dicte
1059 1457 1257 1500 bailivie.

147 1528 257 1569 Item
286 1529 541 1583 recognovit
571 1531 614 1570 et
634 1529 868 1571 confessus
914 1529 998 1571 tuit
1025 1542 1072 1571 se
1100 1529 1267 1571 debere
1294 1532 1493 1584 prestare
1519 1528 1638 1584 jura-

88 1601 291 1641 meutum
321 1599 551 1642 fidelitatis
572 1600 757 1643 domino
779 1604 930 1643 nostro
957 1600 1066 1654 regi,
1091 1613 1192 1642 cum
1214 1599 1349 1643 fuerit
1375 1601 1630 1657 requisitus.

146 1670 268 1712 Dixit
312 1674 477 1713 autem
494 1684 540 1713 se
592 1672 762 1714 nescire
790 1685 841 1713 se
866 1671 979 1714 alias
1006 1671 1179 1727 aliquid
1205 1674 1355 1714 tenere
1400 1685 1427 1713 a
1453 1672 1637 1724 domino

86 1753 188 1796 rege
216 1741 262 1783 in
288 1741 407 1784 dicta
436 1742 651 1789 baillivia,
673 1756 752 1784 nee
780 1742 1017 1784 dominum
1045 1755 1197 1796 regem
1223 1742 1348 1784 aliud
1372 1742 1444 1797 jus
1472 1742 1636 1785 habere

86 1811 132 1853 in
162 1815 277 1855 terra
328 1812 486 1868 ipsius,
518 1826 656 1868 quam
686 1814 819 1855 habet
850 1813 962 1855 intra
1009 1813 1172 1855 dictam
1203 1813 1453 1868 milixialn,
1500 1826 1639 1869 quam

86 1895 225 1938 supra
252 1884 524 1938 recognovit.
556 1884 678 1926 Dixit
714 1888 864 1926 tamen
894 1900 940 1926 se
971 1887 1175 1939 paratum
1221 1897 1534 1939 recognoscere
1562 1884 1634 1926 do.-

88 1953 214 1996 mino
244 1954 352 2009 regi,
382 1955 419 1996 si
446 1955 552 2011 quid
604 1955 706 2010 plus
735 1955 871 2009 possit
914 1956 1150 2010 pervenire
1196 1955 1252 1997 ad
1280 1969 1385 1997 euin
1414 1968 1491 1996 seu
1544 1954 1640 2010 ejus

86 2025 299 2067 noticiam
329 2026 492 2068 debere
515 2040 831 2081 recognoscere
857 2026 1040 2068 domino
1070 2027 1160 2080 regi
1184 2026 1396 2081 predicto.

148 2095 297 2147 Quam
350 2097 700 2151 recognitionem
743 2097 930 2152 predicti
958 2097 1129 2138 domini
1183 2101 1461 2152 receperunt,
1516 2097 1641 2139 salvo

85 2166 184 2221 jure
213 2167 385 2209 domini
438 2169 555 2222 regis
586 2169 628 2209 in
675 2168 888 2210 omuibus
915 2171 958 2210 et
981 2181 1060 2223 per
1103 2168 1270 2215 omnia:
1301 2171 1344 2209 et
1388 2168 1656 2233 specialiter?-

85 2237 212 2279 silvo
237 2237 334 2292 jure
364 2241 472 2280 meri
501 2239 676 2294 imperii
706 2239 751 2280 in
779 2239 898 2281 dicta
924 2242 1048 2294 parte
1078 2238 1189 2281 dicti
1218 2238 1368 2280 castri.

147 2309 196 2351 Et
220 2309 274 2350 de
317 2309 526 2364 predictis
578 2310 684 2351 dicti
713 2310 884 2351 domini
935 2313 1247 2352 concesserunt
1281 2309 1415 2351 miehi
1470 2310 1657 2364 notario.⁴

87 2379 389 2435 infrascripto.
415 2380 535 2436 quod
565 2381 733 2436 possim
757 2381 901 2423 facere
929 2381 1282 2422 instrumentum
1311 2380 1428 2422 dicto
1455 2369 1644 2422 domino

85 2450 278 2492 Johanni
300 2450 357 2492 ad
385 2451 482 2506 ejus
509 2451 863 2506 requisitionem.

145 2522 308 2563 Actum
335 2521 380 2562 in
413 2521 608 2564 claustro
636 2522 689 2564 de
712 2520 862 2563 Salve.
894 2523 1048 2565 Testes
1077 2523 1258 2564 suerunt
1284 2523 1495 2565 dominus
1545 2523 1638 2579 Y'vo

87 2590 293 2633 Guirardi
323 2591 499 2646 bajulus
528 2592 683 2636 Salvii.
718 2593 931 2647 magister
959 2593 1209 2635 Bernardus
1252 2593 1383 2635 Fabri
1421 2594 1634 2640 notarius.

88 2661 301 2704 Fredolus
329 2662 382 2704 (le
406 2663 535 2709 Roca,
562 2663 821 2705 Remowlus
848 2664 902 2704 de
935 2663 1122 2709 Brodeto
1144 2664 1383 2705 domicelli.
1407 2665 1561 2706 Petrus
1582 2665 1636 2704 tle

89 2733 263 2780 Sezilla,
291 2734 445 2775 Petrus
461 2734 514 2774 dc
538 2734 755 2775 Fontibus
779 2734 945 2782 Rullus,
969 2734 1046 2775 Bu.
1078 2736 1249 2777 Caxoti.
1285 2735 1437 2776 Petrus
1460 2735 1513 2774 «Σι-
1531 2737 1641 2791 (ζυμ-

90 2802 212 2847 linco.
235 2803 391 2846 Petrus
419 2804 473 2845 «le
502 2805 654 2851 Bosco,
680 2805 756 2847 Bu.
789 2805 843 2846 de
883 2805 1109 2859 CognletQ
1136 2809 1178 2847 et
1206 2806 1418 2859 magist-1·
1437 2805 1640 2846 Mu'lsseus
