2205 3299
1131 226 1182 229 ---
1220 200 1303 241 170
1346 226 1378 229 .-

536 306 590 349 Et
614 307 823 362 promisit
848 307 1001 356 etiam,
1032 320 1113 362 per
1139 320 1187 350 se
1214 309 1259 348 et
1285 319 1391 349 suos
1419 319 1716 355 successores,
1748 306 1867 348 dicto
1892 305 2039 348 domi-

474 390 532 417 no
561 377 667 431 regi,
719 391 798 432 pro
844 391 890 419 so
918 380 958 419 rt
1001 377 1093 419 suis
1124 375 1514 434 [successoribus]
1548 377 1749 432 predicta
1790 375 1947 418 omnia
1992 377 2032 415 et

476 448 655 503 singula
699 462 881 491 servare
910 452 954 491 et
981 449 1153 491 servari
1180 448 1327 490 Iacere
1373 451 1591 503 perpetuo
1618 446 1958 494 im'iolabilitein
1995 449 2039 487 ct

471 531 709 574 nunquam
730 519 776 561 in
803 519 958 575 aliquo
985 521 1140 562 contra
1169 518 1342 566 venire,
1377 518 1533 576 aliqua
1557 517 1669 574 juris
1698 518 1771 560 vel
1799 516 1905 559 facti
1933 515 2038 558 sub-

474 588 653 638 tilitate;
687 603 769 632 nec
808 590 970 638 facere,
1002 603 1244 646 procurare
1273 592 1352 632 aut
1393 588 1633 637 sustinere,
1665 587 1912 644 quominus
1939 599 2040 642 pre-

473 658 593 702 dicta
630 659 784 702 omnia
811 662 854 702 et
881 660 1060 714 singula
1097 659 1232 703 firma
1276 662 1320 703 et
1357 660 1636 703 incommota
1679 661 1901 714 perpetuo
1941 662 2048 714 per-'

475 733 698 772 severent.

535 800 587 842 Et
607 801 665 843 ad
708 801 929 857 majorem
975 802 1138 844 horum
1195 801 1477 849 firmitatem,
1533 800 1805 843 Guillelmus
1856 797 2035 855 Fulqui‚

475 871 630 914 doctor
654 871 823 927 legum,
879 872 1125 915 canonicus
1176 872 1482 914 Narbonensis
1512 874 1556 913 ct
1607 871 1794 913 clericus
1846 883 1956 913 suus
1984 869 2039 911 dc

476 943 692 985 mandato
718 942 926 998 ejusdem
971 943 1173 999 episcopi
1219 934 1453 998 expresso,
1485 945 1530 984 et
1557 942 1656 998 ipso
1686 941 1899 1002 episcopo
1934 953 2036 997 pre-
2095 932 2097 934 ¹

472 1015 597 1055 sente
618 1016 662 1056 et
689 1014 966 1069 precipiente
992 1014 1159 1061 eidem,
1189 1013 1359 1070 juravit
1384 1013 1431 1054 in
1458 1012 1660 1055 animam
1688 1011 1895 1068 ejusdem
1921 1010 2041 1068 epis-

470 1084 586 1139 copi,
617 1085 675 1126 ad
702 1087 856 1128 sancta
882 1085 963 1127 Dei
991 1085 1243 1140 evangelia,
1275 1084 1497 1127 eumdem
1527 1083 1793 1139 episcopum
1837 1082 2041 1138 prediola

474 1154 628 1197 omnia
655 1157 700 1197 et
726 1155 904 1210 singula
945 1156 1180 1198 attendere
1228 1158 1273 1197 et
1323 1155 1566 1210 complere,
1598 1167 1649 1197 ac
1676 1153 1812 1196 firma
1861 1166 2043 1215 semper

468 1224 635 1267 habere
662 1228 798 1281 atque
821 1228 989 1274 tenere,
1009 1229 1059 1268 ut
1081 1226 1293 1282 superius
1315 1226 1586 1274 continetur,
1607 1228 1651 1268 et
1677 1237 1914 1279 nunquam
1936 1237 2041 1267 con·

470 1295 706 1344 trafacere,
737 1297 811 1338 vel
839 1297 1155 1339 contravenire
1183 1297 1230 1338 in
1257 1297 1410 1353 aliquo
1437 1296 1530 1339 ullo
1556 1296 1707 1338 modo.

527 1366 581 1408 Et
606 1366 705 1409 vice
726 1380 875 1416 versa,
894 1367 1101 1423 prefatus
1127 1368 1340 1411 dominus
1363 1381 1458 1416 rex,
1476 1367 1689 1409 dominus
1708 1366 2040 1422 Montispessu-

469 1436 577 1485 lani,
597 1437 820 1492 promisit,
840 1451 922 1494 per
942 1452 990 1481 se
1018 1442 1063 1481 et
1089 1452 1197 1482 suos
1219 1451 1519 1485 successores,
1536 1438 1746 1481 dominos
1767 1437 2041 1493 Montispes-

469 1507 633 1555 sulani,
652 1509 827 1551 ratione
860 1512 1040 1552 monete
1063 1510 1281 1565 predicte,
1300 1510 1419 1551 dicto
1440 1509 1652 1566 episcopo
1673 1509 1794 1564 quod
1816 1508 1914 1564 ipse
1939 1521 2041 1564 pcr-

472 1592 631 1622 Sonam
676 1578 884 1635 ejusdem
905 1580 1107 1636 episcopi
1152 1583 1196 1623 et
1218 1583 1400 1629 terram,
1431 1582 1489 1622 et*
1511 1579 1626 1635 jura,
1658 1582 1702 1622 et
1747 1592 2038 1622 sucessor-um

473 1662 661 1692 suorum
689 1650 1003 1711 episcoporum
1030 1651 1438 1706 Magalonensium‚
1469 1653 1510 1694 ct
1544 1651 1785 1693 comitatus
1811 1650 2033 1705 Melgorii‚

474 1720 684 1769 salvabit,
727 1712 952 1764 custodiet
977 1725 1021 1763 et
1070 1721 1306 1765 deffendet
1334 1722 1431 1764 suis
1482 1722 1657 1765 viribus
1683 1722 1826 1770 illesa;
1859 1724 1904 1764 et
1948 1735 2039 1764 non

474 1791 624 1839 faciet,
655 1806 738 1834 nec
763 1793 1034 1847 procurabit,
1066 1807 1148 1835 nec
1176 1794 1419 1836 sustinebit
1446 1794 1567 1849 quod
1594 1793 1641 1835 in
1679 1793 1832 1848 aliquo
1883 1794 2039 1835 contra

473 1861 569 1911 fiat,
594 1863 827 1918 excipiens
854 1877 910 1906 ex
937 1864 1022 1906 hoc
1049 1865 1294 1907 Ecclesiam
1322 1865 1574 1907 Romanam
1596 1867 1796 1921 tantum.

536 1934 589 1975 Et
610 1934 820 1988 promisit
839 1935 994 1984 etiam,
1015 1949 1097 1990 per
1117 1949 1164 1978 se
1186 1938 1229 1977 et
1242 1949 1347 1978 suos
1370 1948 1666 1985 successoros,
1685 1935 1892 1978 dominos
1913 1936 2042 1978 Mon—

474 2003 779 2059 tispessulani
814 2006 1017 2060 predicta
1060 2006 1215 2049 omnia
1241 2008 1285 2048 et
1335 2006 1516 2060 singula
1571 2020 1754 2049 servare
1781 2007 1825 2049 et
1867 2006 2038 2049 servari

471 2074 626 2117 facere
654 2078 874 2131 perpetuo
902 2076 1240 2125 inviolabiliter,
1272 2079 1316 2119 et
1343 2090 1579 2133 nunquam
1605 2077 1652 2119 in
1678 2077 1832 2133 aliquo
1881 2079 2039 2120 contra

478 2145 635 2188 venire
657 2145 813 2202 aliqua
835 2146 948 2202 juris
975 2148 1049 2190 vel
1075 2148 1181 2190 facti
1209 2148 1475 2196 subtilitate,
1495 2161 1578 2190 nec
1597 2147 1759 2196 facere,
1790 2160 2035 2204 procurare

473 2218 552 2257 aut
578 2217 816 2266 sustinere,
847 2219 1094 2275 quominus
1147 2220 1352 2274 prediola
1400 2219 1558 2261 omnia
1584 2221 1628 2261 et
1673 2219 1850 2274 singula
1904 2218 2038 2262 firma

474 2289 519 2328 et
544 2287 821 2331 incommota
846 2292 1067 2344 perpetuo
1094 2292 1407 2344 perseverent.
1805 2339 1810 2344 ⁸

534 2358 723 2413 Insuper
747 2359 886 2401 ctiam
913 2360 1126 2402 dominus
1154 2360 1303 2403 infans
1328 2360 1538 2408 Jacobus,
1571 2360 1692 2403 filius
1745 2361 1932 2416 predicti
1960 2361 2040 2403 do-

476 2427 590 2470 mini
617 2429 750 2484 regis,
770 2432 826 2488 vet
869 2431 1000 2473 heres
1027 2431 1446 2486 Montispessulani‚
1501 2431 1709 2479 laudans,
1758 2432 2032 2487 approbans,

474 2511 528 2540 ac
553 2489 802 2542 coneedfflis
830 2501 1031 2555 predicta
1057 2501 1267 2556 promisit
1295 2515 1374 2556 per
1399 2515 1446 2543 sc
1474 2504 1518 2543 ct
1545 2515 1650 2544 suos
1678 2502 1796 2544 dicto
1822 2501 2036 2557 episcopo

479 2572 530 2611 ut
555 2569 709 2611 comiti
736 2569 956 2624 Melgorii,
1012 2571 1213 2626 predicta
1237 2572 1392 2614 omnia
1430 2575 1473 2613 ot
1523 2571 1715 2626 singula
1765 2585 1947 2630 servare
1991 2565 2036 2614 et

475 2639 621 2682 facere
648 2641 895 2686 observari,
926 2643 976 2682 ut
997 2642 1207 2696 superius
1235 2644 1341 2684 sunt
1368 2645 1590 2684 contenta.

539 2710 609 2752 Ad
655 2709 872 2765 majorem
902 2711 1209 2766 predictorum
1254 2711 1520 2754 firmitatem
1565 2713 1758 2755 Jacobus
1785 2713 1841 2756 dc
1886 2713 2038 2756 Rocha

479 2780 666 2823 sacrista
685 2780 985 2830 leardensis,
1011 2782 1210 2824 decanus
1238 2782 1462 2835 Valentic,
1479 2785 1523 2824 et
1538 2783 1745 2825 notarius
1761 2783 1868 2826 ‹licti
1890 2783 2037 2826 domi-

478 2851 523 2892 ni
545 2850 677 2905 regis,
704 2851 759 2892 de
789 2852 1003 2894 mandato
1031 2865 1248 2907 expresso
1275 2852 1481 2908 ejusdem
1504 2853 1675 2913 domini
1704 2853 1901 2914 regis,ct
1928 2853 2034 2896 dicti
