2040 3404
825 216 906 258 475

85 322 204 364 etin
230 336 380 366 ramos
409 323 647 366 viriditatis
698 323 925 366 sanctifice
970 326 1251 380 propagavit,
1283 337 1462 367 summo
1505 340 1638 381 opere

85 392 203 435 inter
220 406 352 437 curas
366 393 591 441 sollicitas,
617 407 704 450 que
727 397 878 438 nostro
893 395 1161 437 incumbunt
1181 393 1346 444 officio,
1364 396 1635 453 compuncti,

87 463 279 507 acculeis
306 465 607 520 punecionum
643 466 992 520 compungimur
1041 465 1257 509 adhibere
1284 467 1552 515 remedium,
1585 481 1640 511 ne

86 535 161 578 ille
187 548 290 592 que,
316 535 456 578 seculi
483 535 760 579 vanitatibus
807 537 1139 585 renunciantes,
1191 537 1384 580 Domino
1411 537 1641 593 elegerunt

86 607 133 649 in
159 606 390 661 religionis
417 606 574 649 habitu
606 606 811 654 militare,
845 621 924 663 per
967 608 1323 651 necessariorum
1351 608 1545 651 deffectu
1572 623 1642 652 co-

85 681 250 733 gantur
275 691 302 721 a
329 680 420 720 tam
451 677 524 733 pio
553 678 784 733 proposito
830 681 1012 734 tamque
1066 682 1218 722 sancto
1243 692 1379 735 opere
1424 679 1640 723 desistere

86 749 310 795 inchoato,
344 762 487 804 neque
511 749 770 791 indecenter
791 749 1038 803 probentur
1061 749 1235 792 solvere
1257 750 1485 806 singulum
1514 765 1641 807 pree—

85 820 198 862 lecte
226 819 390 862 milicie
417 819 648 873 regularis.

145 892 257 934 Hinc
282 895 351 934 est
370 891 492 946 quod
528 904 630 933 cum
658 890 863 944 religiose
893 891 1119 938 mulieres,
1145 893 1236 935 Deo
1257 892 1401 936 dicate
1423 895 1637 949 virgines,

87 962 304 1018 priorissa
331 965 375 1005 et
400 966 545 1005 cetere
574 962 794 1004 moniales
824 962 1083 1004 monasterii
1107 963 1257 1006 Sancti
1286 964 1446 1007 Leonis
1492 970 1641 1008 nostre

86 1033 420 1089 Magalonensis
447 1032 667 1088 dyocesis,
708 1036 1023 1088 cooperatores
1064 1034 1199 1076 nostri
1230 1035 1502 1089 pontificalis
1529 1038 1642 1093 regi-

90 1105 224 1149 minis
251 1108 295 1148 et
320 1105 450 1162 quasi
481 1105 525 1146 in
554 1107 728 1159 partem
752 1107 901 1146 nostre
924 1105 1239 1148 sollicitudinis
1259 1112 1508 1163 assumpte,
1532 1123 1642 1166 qua-

86 1190 186 1220 rum
215 1176 493 1219 orationibus
521 1178 563 1217 et
591 1174 820 1230 suffragiis
847 1176 1186 1231 adjuvaremur,
1216 1178 1273 1220 ad
1300 1192 1495 1231 quarum
1545 1194 1642 1223 sus-

88 1248 379 1292 tentationem
429 1251 634 1289 tenemur
676 1247 863 1289 obnoxii
890 1247 1053 1288 intuitu
1087 1249 1300 1297 caritatis,
1332 1249 1422 1292 sint
1470 1253 1640 1308 replete

89 1319 243 1362 multis
273 1318 481 1365 miseriis,
512 1318 846 1360 calamitatibus
873 1321 916 1360 et
959 1319 1195 1374 angustiis,
1226 1323 1269 1362 et
1312 1323 1641 1377 temporalibus

86 1390 302 1434 subsidiis
329 1389 558 1436 destitute,
590 1389 653 1431 ita
678 1389 796 1443 quod
827 1402 883 1430 ex
905 1402 1089 1432 suorum
1112 1392 1467 1435 necessariorum
1489 1407 1642 1437 caren—

85 1463 155 1504 cia
181 1465 226 1504 et
252 1460 449 1503 deffectu
476 1463 696 1514 coguntur
722 1474 948 1502 recurrere
976 1461 1033 1503 ad
1061 1461 1279 1517 suffragia
1306 1464 1574 1514 mendicata,
1598 1471 1643 1508 et.

93 1533 302 1576 deserere
325 1531 650 1574 monasterium
677 1530 733 1573 ad
761 1530 1053 1574 desolationis
1079 1531 1419 1576 incommodum
1446 1535 1539 1590 jam
1566 1537 1642 1579 dc—

87 1607 289 1650 ventum,
314 1606 360 1646 et
377 1602 697 1645 consolationis
717 1602 906 1644 comodo
933 1602 1217 1649 destitutum,
1242 1604 1494 1649 intantum
1519 1608 1640 1664 qnod

88 1675 175 1717 nisi
196 1676 503 1717 occurreretur
522 1673 739 1720 celeriter,
763 1686 922 1727 vagare
941 1677 1156 1730 tanquam
1179 1676 1338 1719 exules
1359 1681 1635 1732 cogerentur.

147 1745 450 1796 Quamobrem
480 1746 560 1786 nos
611 1744 922 1798 Berengarius,
954 1745 1243 1788 miseratione
1271 1746 1428 1790 divina
1456 1746 1644 1806 [episco-

88 1816 188 1874 pus]
216 1814 564 1870 Magalunensis,
594 1815 880 1858 attendentes
907 1828 1064 1857 earum
1092 1817 1314 1866 miserias;
1355 1819 1642 1862 consideran-

88 1892 153 1930 tes
180 1888 366 1942 insuper
415 1886 536 1943 qnod
564 1887 609 1928 in
640 1886 898 1928 monasterii
951 1887 1138 1941 predicti
1166 1888 1472 1937 destitutione,
1504 1894 1545 1932 et
1596 1892 1642 1933 in

87 1971 260 2007 earum,
291 1958 411 2013 quod
439 1957 571 2005 absit,
597 1957 850 2012 vagatione,
883 1957 927 1998 in
951 1958 1102 2000 stricto
1123 1959 1335 2002 examine
1363 1962 1547 2016 sanguis
1575 1976 1642 2004 re-

88 2030 340 2086 quireretur
365 2029 421 2071 de
449 2028 613 2071 nostris
648 2028 874 2075 manibus,
912 2029 1177 2071 earumdem
1210 2030 1399 2085 dignum
1426 2032 1641 2075 duximus

87 2101 166 2144 tali
193 2100 449 2156 provisione
476 2100 724 2142 consulere.
755 2099 1159 2142 animadvertendo
1185 2103 1307 2157 quod
1352 2116 1439 2157 que
1484 2104 1641 2147 altario

89 2172 306 2219 serviunt,
339 2171 491 2213 xixerc
519 2171 715 2212 debcant
765 2170 819 2212 de
847 2170 991 2218 altari,
1040 2175 1084 2213 et
1110 2174 1229 2226 quod
1257 2186 1306 2215 os
1333 2173 1462 2216 bovis
1512 2160 1642 2229 ligari

89 2257 175 2295 non
203 2243 366 2285 debeat
384 2241 662 2289 trituranti&

146 2314 197 2356 Et
223 2313 340 2362 ideo,
366 2312 598 2369 premissis
620 2316 663 2354 et
687 2313 838 2356 multis
860 2313 959 2356 aliis
982 2315 1231 2358 rationibus
1254 2316 1437 2363 inducti,
1463 2317 1517 2359 de
1540 2331 1642 2359 eon—

93 2385 185 2427 siio
212 2388 256 2426 et
281 2397 469 2426 assensu
503 2384 826 2426 venerabilium
855 2388 899 2427 et
919 2385 1231 2438 religiosorum
1273 2387 1473 2429 virorum
1525 2388 1642 2430 Ade-
1687 2434 1693 2441 ,

93 2456 223 2499 marii
250 2455 305 2497 ‹le
331 2454 601 2510 Caprairulis
630 2456 861 2510 prepositi,
890 2455 1108 2498 Juliannis
1136 2457 1190 2499 de
1218 2458 1513 2504 Montelauro,
1539 2459 1642 2501 Ber-

92 2527 218 2569 nardi
245 2527 300 2569 de
346 2526 621 2572 viridissico,
653 2530 697 2568 et
723 2527 979 2582 Raymundi
1007 2528 1178 2570 Alberti
1205 2529 1638 2578 archidiaconorum,

91 2597 349 2652 Berengarii
375 2598 431 2639 de
482 2597 709 2640 Omelacio
735 2598 917 2640 sacriste
969 2598 1318 2653 Magalonensis‚
1365 2614 1416 2642 ac
1448 2601 1642 2656 Capituli

94 2668 442 2723 Magalonenffls,
490 2681 547 2711 ex
597 2682 733 2711 causa
782 2669 1006 2712 evidentis
1058 2671 1353 2719 necessitati&
1407 2672 1642 2715 ecelesiam

91 2739 242 2782 Sancti
270 2740 458 2782 Baudilii
488 2741 544 2783 de
570 2741 859 2786 Montemelo,
891 2741 1095 2795 ejusdcm
1132 2745 1282 2784 nostre
1310 2743 1642 2797 Magalonensis

91 2809 295 2865 dyocesis
323 2811 377 2853 de
404 2810 500 2866 jure
529 2812 648 2854 etde
677 2811 808 2856 sacto,
835 2814 878 2853 et
904 2812 959 2854 ad
983 2812 1268 2854 collationem
1297 2816 1497 2854 nostram
1520 2827 1644 2868 spec-

91 2883 276 2923 tantem.
306 2895 409 2923 cum
437 2882 651 2925 omnibus
672 2883 766 2924 suis
792 2883 968 2938 juribus
997 2887 1040 2925 et
1068 2884 1348 2938 pertinentiis
1381 2884 1522 2924 eciam
1570 2898 1646 2937 pm·
