2040 3404
3 2308 22 2357 ἔμ’·

4 2710 18 2723 ,“
4 2610 23 2690 ·;ἰ,ΐ
4 2539 21 2578 Γ..

47 2972 56 2988 ,
4 2438 62 2905 «ὑφῇ-,κραμῠῦξιμάὲη
25 2316 50 2428 ἰιι-ἣ

38 3155 45 3171 ·
27 3118 52 3148 c.
31 3038 58 3110 q.»

842 170 1091 214 —689—

250 278 547 324 Considerans
569 282 611 320 et
639 279 878 321 attendens
908 278 1146 320 utilitatem
1169 279 1212 319 et
1232 276 1489 326 comodum,
1515 290 1572 320 ex
1592 277 1740 322 causis

190 350 380 393 utilibus
401 352 444 392 et
470 348 748 396 necessariis,
781 349 885 391 dicti
913 340 1185 404 Erincngavi
1211 347 1390 403 nepotis
1418 348 1506 390 mei
1534 351 1578 392 et
1603 348 1740 392 etiam

190 421 380 464 fratrum
408 423 451 462 et
477 420 640 463 sororis
669 419 871 474 ejusdem
900 419 1187 474 Ermengavi;

248 491 313 534 Ita
338 492 460 548 quod
488 504 569 533 sua
589 490 784 532 conditio
812 492 891 545 perv
928 489 1257 546 infrascriptam
1309 489 1622 534 venditionem
1650 503 1744 533 me-

191 561 276 605 lior
296 561 490 605 efficitur
519 561 716 603 maxime
744 564 928 616 propter
971 560 1339 615 exonerationem
1385 563 1428 603 et
1470 561 1740 605 solutionem

189 631 444 676 debitorum
471 632 577 673 dicti
611 631 892 685 Ermengavi,
928 634 969 673 et
997 631 1252 686 specialiter
1275 644 1356 687 pro
1396 631 1670 682 collocanda,
1700 633 1738 675 si

186 703 306 746 Deus
333 703 520 751 dederit,
552 703 597 744 in
626 702 967 744 matrimonium
990 702 1200 750 Beatrice,
1244 715 1394 745 sorore
1420 701 1525 745 dicti
1553 702 1740 745 Ermen-

187 774 306 830 gavi‚
334 773 462 830 juxta
490 773 745 816 decentiam
773 773 842 815 sui
870 775 1026 821 statu&

245 845 456 887 Vendo...
487 844 634 892 vohis,
666 844 916 885 reverendo
944 843 990 884 in
1017 843 1190 886 Christo
1217 844 1333 900 patri
1361 844 1544 887 domino
1576 845 1739 887 Beren-

184 915 325 971 gario,
373 916 452 958 Dei
497 916 640 971 gratia
689 914 999 969 Magalonensi
1026 914 1254 970 episcopo,
1281 915 1466 958 domino
1491 919 1537 959 et
1586 916 1739 958 comiti

188 987 407 1043 Mclgorii,
438 1000 518 1042 per
545 999 616 1028 me
645 989 687 1028 et
731 998 873 1032 meos,
904 998 985 1040 per
1011 984 1181 1027 dictum
1226 986 1562 1042 Ermengavum
1590 989 1634 1030 et
1659 1000 1741 1044 per

185 1070 343 1100 omnes
371 1071 529 1100 suos...
555 1056 764 1098 videlicet
791 1055 1022 1111 quandam
1043 1056 1359 1099 condaminam
1381 1059 1497 1100 terre
1516 1070 1620 1100 cum
1640 1060 1737 1101 orto

185 1130 229 1176 et
248 1128 397 1184 ipsum
426 1131 575 1171 ortum
602 1140 704 1169 cum
732 1127 831 1182 ipsa
857 1125 1143 1173 condamina,
1197 1127 1506 1171 continentem
1545 1128 1738 1185 quadra-

181 1200 308 1254 ginta
333 1200 590 1242 sestariatas
618 1201 747 1246 terre,
777 1210 864 1252 que
892 1197 1083 1240 condam
1107 1197 1288 1240 fuerunt
1314 1198 1570 1256 adjudicate
1617 1202 1662 1241 et
1686 1199 1734 1242 in

181 1269 380 1313 solutum
408 1270 511 1312 date
534 1273 576 1311 et
600 1269 758 1311 tradite
787 1268 901 1310 dicte
947 1268 1129 1311 domine
1156 1268 1370 1312 Dulciane
1395 1282 1476 1324 pro
1497 1269 1600 1313 dote
1626 1283 1723 1318 sua,

182 1344 316 1398 prout
341 1343 513 1384 constat
542 1353 622 1396 per
662 1340 1016 1381 instrumentum
1066 1339 1319 1382 contectum
1347 1353 1484 1382 manu
1530 1340 1734 1396 magistri

179 1411 397 1455 Johannis
423 1406 853 1458 Tau1·aeii‚'notarii
905 1410 1072 1466 publici
1123 1410 1339 1464 Melgorii'‚
1377 1410 1504 1466 cnjus
1548 1411 1734 1465 quidem

181 1484 361 1527 domiue
389 1482 602 1525 Dulciane
630 1482 774 1524 dictus
796 1482 1121 1536 Ermengavm,
1142 1485 1190 1523 ut
1216 1481 1384 1523 dictum
1413 1485 1494 1530 est,
1511 1482 1639 1525 heres
1655 1495 1732 1526 ex-

179 1554 282 1597 titit.

237 1627 330 1678 Que
357 1625 544 1683 quidem
570 1624 855 1666 condamina.
882 1637 962 1666 seu
983 1624 1281 1680 quadraginta
1308 1624 1540 1667 sestariate
1561 1624 1607 1666 in
1632 1625 1732 1682 qui-

180 1699 265 1741 bus
292 1697 437 1740 dictus
464 1699 587 1740 ortus
614 1695 1028 1750 comprehenditur,
1059 1695 1373 1737 confrontatur
1398 1708 1455 1736 ex
1481 1708 1571 1738 una
1607 1700 1734 1752 parte

177 1783 279 1812 euni
307 1768 500 1810 carreria
525 1781 612 1824 que
652 1766 777 1808 vadit
816 1778 972 1808 versus
1001 1765 1214 1808 Sanctam
1241 1765 1441 1814 Crucem,
1473 1769 1515 1808 et
1559 1781 1616 1809 ex
1642 1767 1734 1811 alia

181 1844 304 1896 parte
332 1852 436 1882 cuni
462 1842 559 1881 orto
585 1837 817 1880 Guillelmi
843 1837 1022 1879 Andree
1051 1839 1094 1878 et
1123 1849 1223 1878 cum
1253 1839 1370 1878 terra
1391 1836 1572 1879 residua
1616 1836 1732 1881 dicte

178 1910 460 1957 condamine,
493 1909 608 1952 sicut
633 1910 748 1950 recte
777 1907 1060 1963 protenditur
1085 1910 1128 1949 et
1181 1907 1448 1949 terminatur
1473 1908 1544 1950 de.
1567 1908 1731 1964 angulo

178 1982 283 2024 dicti
303 1981 388 2023 orti
414 1979 642 2023 Guillelmi
670 1978 848 2020 Andree
874 1990 1033 2020 versus
1078 1991 1229 2020 aream
1281 1977 1507 2020 Guilletmi
1533 1979 1588 2021 de
1614 1979 1733 2023 Villa

178 2053 386 2100 condam,
419 2049 493 2109 [et]
521 2065 578 2092 ex
606 2050 695 2092 alia
721 2052 845 2105 parte
873 2062 978 2091 cum
1006 2051 1123 2091 terra
1150 2049 1332 2091 residua
1358 2048 1474 2091 dicte
1501 2051 1732 2093 condami-

175 2138 246 2167 ne.
273 2112 387 2166 sicut
412 2125 528 2164 recte
558 2121 839 2176 protenditur
865 2123 907 2161 et
930 2119 1199 2182 terminatur
1219 2120 1273 2161 de
1303 2119 1421 2161 dicta
1441 2133 1547 2163 area
1570 2134 1731 2165 versus

176 2199 325 2238 ortum
353 2193 540 2235 Duranti
564 2191 754 2249 Clasius&
787 2194 830 2233 et
856 2205 913 2233 ex
939 2190 1027 2233 ulia
1055 2193 1179 2246 parte
1223 2203 1323 2232 cum
1353 2190 1571 2234 cimiterio
1597 2191 1732 2235 Beate

174 2265 330 2312 Mario,
361 2266 403 2306 et
430 2277 531 2306 eum
553 2266 649 2305 orto
676 2260 905 2304 Guilielnii
928 2261 1180 2316 Raymmdi,
1212 2265 1255 2302 et
1281 2273 1337 2302 ex
1364 2261 1452 2303 alia
1479 2265 1604 2317 parte
1625 2276 1729 2305 cum

176 2337 288 2391 doen
322 2335 469 2377 vallati
493 2334 548 2376 (lc
570 2332 795 2387 Meis-gorio.

232 2406 433 2449 predicte
463 2419 568 2447 =fero
598 2408 709 2446 terre
738 2403 945 2459 superius
972 2404 1249 2445 controntate
1277 2402 1584 2446 venditionem
1610 2404 1724 2447 facio

175 2477 229 2520 de
260 2476 471 2534 presenti,
503 2489 605 2517 cuin
632 2476 843 2517 omuibus
863 2474 1038 2529 juribus
1064 2474 1208 2515 suis...
1236 2474 1280 2514 in
1295 2474 1494 2516 alodium
1511 2475 1720 2517 liberum.
1776 2496 1779 2497 ⁷

175 2549 378 2591 francum
406 2550 450 2590 et
476 2546 733 2589 absolutum
763 2545 911 2600 precio
938 2548 1034 2585 octo
1064 2545 1238 2585 initium
1267 2544 1515 2587 solidorum
1559 2546 1728 2600 melgo-

174 2620 405 2661 riensiuni.
432 2617 523 2668 Que
575 2605 760 2672 quidem
799 2615 1042 2658 octoniilia
1093 2615 1337 2657 solidorum
1364 2614 1455 2671 jani
1500 2616 1639 2658 habui
1684 2622 1727 2658 et

173 2689 317 2745 recepi
336 2703 361 2731 a
377 2689 521 2735 vobis²
541 2688 658 2729 dicto
674 2687 856 2728 domiuo
872 2686 1096 2741 episc-squ),
1123 2689 1162 2725 et
1186 2684 1403 2729 confiteor
1423 2699 1494 2730 nie
1512 2686 1725 2730 hahuisse

173 2762 217 2802 et
236 2758 515 2802 numerando
542 2758 778 2813 recepisse,
807 2756 1130 2798 renuncians...
1168 2757 1424 2812 exceptioni
1451 2770 1543 2800 non
1568 2770 1729 2800 nume-

174 2829 273 2872 rate
293 2822 558 2886 ''pvcae-unie...

339 2920 429 2941 ruri.
451 2912 490 2941 dt
514 2911 589 2948 31:13
628 2911 661 2939 Τ.
688 2911 730 2938 111
1457 2909 1494 2938 87
