2107 3404
713 164 963 209 -295-—

0 256 1 301 3
24 264 35 317 ’.χ
64 270 140 314 vel
164 269 482 327 appellationis
521 274 833 325 cognoscente.
859 271 930 313 vel
959 271 1016 314 ab
1043 270 1140 327 ejus
1164 269 1314 327 judice
1341 284 1422 315 seu
1447 272 1515 317 ab.
1531 272 1620 316 alio

19 344 38 379 ’ῃ
63 340 212 384 vicem
237 340 335 397 ejus
361 341 408 383 in
435 354 570 384 causa
595 331 913 397 appellationis
933 345 1134 397 gerente,
1159 342 1438 397 contingeret
1464 343 1621 399 appel-

61 411 160 461 lari,
177 411 236 454 ad
255 411 407 468 ipsum
429 412 665 454 dominum
686 413 951 468 episcopum
972 415 1016 456 et
1037 412 1135 468 ejus
1157 425 1450 461 successores,
1470 417 1514 456 et
1539 427 1620 470 pro

61 481 162 538 ipso
186 481 372 525 domino
422 482 635 538 episeopo
661 482 717 525 ad
746 482 843 538 ejus
895 486 1244 538 procuratorem,
1275 484 1617 539 appellationes,

15 565 27 611 ζ
58 554 104 596 et
128 552 422 607 cognitiones,
451 555 499 601 „et
534 553 911 601 examinationes,
943 556 987 595 et
1013 553 1328 602 diffinitiones,
1359 558 1403 596 et
1453 568 1621 610 exequ-

19 646 25 661 ι
62 623 208 666 tiones
234 622 609 678 adjudicaverunt
635 627 679 665 et
706 624 931 679 pertinere
953 625 1195 667 voluerunt
1232 627 1277 667 et
1302 628 1615 680 preceperunt.

20 690 29 699 “
122 693 229 736 Post
248 693 330 736 hee
355 707 464 736 vero
494 694 683 748 predicti
709 695 880 742 arbitri,
911 695 1201 738 arbitratores
1228 708 1307 738 εει]
1358 695 1620 738 amicabiles

8 744 32 815 ἕξ
63 763 851 819 compositores.pronunciaverunt,
883 765 1229 807 declaraverunt
1254 774 1414 809 causas
1464 779 1622 808 omnes

17 875 26 883 ,
62 834 177 876 meri
201 833 396 889 imperii,
450 834 661 876 videlicet
687 834 724 876 si
751 835 924 877 crimen
952 836 1039 877 tale
1085 836 1332 880 comissum
1372 836 1520 884 fuerit,
1564 850 1623 879 ex

63 917 154 960 quo
192 917 314 947 mors
360 905 433 947 vel
461 893 655 947 membri
680 906 919 953 mutilatio,
951 906 1142 947 exilium
1171 919 1246 948 seu
1277 907 1532 962 deportatio
1559 907 1625 948 in-

8 967 27 1020 ’ξ
63 973 161 1030 fligi
187 975 331 1030 possit
357 988 438 1018 seu
464 976 643 1024 debeat,
674 979 719 1018 et
767 977 921 1018 omnia
947 977 1038 1020 alia
1062 977 1121 1019 ad
1147 990 1325 1019 merum
1376 977 1622 1033 imperium

14 1039 27 1060 ¹·
64 1045 352 1101 pertinentia,
383 1047 532 1103 quoad
580 1047 840 1102 captionem
867 1060 1046 1090 reorum
1073 1050 1118 1090 et
1143 1061 1301 1090 eorum
1351 1048 1620 1096 custodiam,

65 1115 467 1164 examinationem,
499 1116 841 1165 diffinitionem,
860 1121 905 1160 et
930 1131 1045 1173 pene
1073 1118 1410 1174 impositionem
1437 1132 1518 1161 seu
1545 1132 1622 1161 ex-

19 1196 28 1218 ·-
63 1185 325 1242 equtionein
347 1187 486 1229 libere
508 1187 776 1237 faciendam,
810 1189 863 1231 ad
895 1189 1065 1231 dictum
1093 1189 1329 1232 dominum
1356 1189 1619 1245 episcopum

63 1258 109 1299 et
151 1255 249 1312 ejus
304 1270 599 1307 successores,
631 1262 675 1301 ct
718 1260 775 1301 ad
803 1263 1137 1314 procuratorem
1189 1274 1268 1315 pro
1295 1274 1359 1308 eo,
1402 1260 1540 1302 libere
1577 1263 1621 1302 et

20 1315 24 1323 ¹
67 1326 207 1383 pleno
231 1327 330 1384 jure
381 1329 605 1384 pertinere
633 1332 677 1371 et
704 1330 928 1385 pertinere
973 1330 1138 1373 debere
1174 1331 1530 1373 declaraverunt.
1580 1332 1627 1372 in
1670 1328 1673 1331 ’

19 1391 29 1446 ’,
64 1399 158 1441 toto
185 1398 304 1441 dicto
330 1399 550 1442 territorio
572 1402 613 1442 et
642 1399 687 1441 in
711 1400 912 1455 qualibet
939 1399 1035 1455 ejus
1063 1403 1203 1455 parte,
1237 1405 1279 1443 et
1307 1402 1453 1442 eidem
1482 1402 1626 1444 (Ιωιιιί-

8 1454 29 1506 ι.
60 1460 126 1511 ¹no
169 1469 383 1525 episcopo
409 1472 454 1512 et
479 1469 576 1525 ejus
628 1470 978 1518 successoribus,
1028 1474 1070 1512 et
1098 1471 1298 1526 predicto
1350 1473 1626 1527 procuratori

25 1551 32 1559 ’
67 1551 151 1594 pro
180 1553 233 1582 eo
278 1540 672 1596 adjudicaverunt,
703 1541 815 1583 sicut
863 1542 1073 1596 superins
1101 1546 1167 1583 est
1212 1556 1497 1597 expressum;
1529 1558 1627 1598 pre-

23 1647 27 1650 .
67 1608 186 1668 dicto
212 1611 465 1667 preceptori
491 1614 536 1654 et
561 1611 677 1653 dicte
704 1612 861 1654 domui
907 1626 987 1667 per
1024 1625 1144 1660 eum,
1176 1616 1447 1669 perpetuum
1473 1614 1625 1670 quoad

0 1675 50 1749 *sl
69 1681 272 1738 predicta
300 1681 539 1724 silencium
565 1682 869 1738 imponentes.

23 1804 30 1814 ι
125 1752 375 1795 Yoluerunt
400 1756 445 1795 et
490 1756 786 1809 preceperunt
825 1754 930 1796 dicti
957 1754 1113 1796 arbitri
1165 1755 1301 1810 quod,
1345 1755 1382 1797 si
1427 1758 1625 1798 castrum

2 1831 9 1847 ⁸
65 1823 141 1866 vel
166 1823 274 1866 villa
301 1823 428 1866 fieret
458 1824 503 1865 in
532 1824 730 1879 predict-o
774 1828 1029 1866 tenemento
1077 1838 1155 1866 seu
1185 1825 1404 1868 territorio
1432 1826 1485 1867 de
1515 1826 1627 1868 Lau-

5 1936 37 1945 „
69 1907 181 1937 naco
207 1894 318 1936 villa
337 1907 416 1936 seu
467 1895 667 1950 grangia,
698 1895 772 1936 vel
800 1895 845 1936 in
890 1896 1088 1951 qualibet
1119 1895 1215 1950 ejus
1244 1899 1368 1951 parte
1398 1897 1469 1938 vel
1515 1897 1627 1939 alias

8 1962 30 2016 ¹J
68 1964 219 2021 ipsum
270 1965 417 2007 locum
444 1965 721 2020 contingeret
749 1966 971 2021 populari,
997 1967 1117 2022 quod
1147 1966 1373 2020 predictus
1415 1968 1627 2010 dominus

71 2035 310 2092 episcopus
337 2038 381 2078 et
407 2049 688 2078 successores
719 2036 859 2091 ipsius
886 2036 1084 2079 habeant
1125 2040 1169 2079 et
1220 2037 1386 2080 habere
1432 2038 1628 2080 debcant

69 2105 114 2148 in
142 2106 366 2161 predictos
417 2105 624 2148 homines
654 2107 902 2148 exercitum
954 2104 1043 2149 seu'
1078 2108 1386 2156 cavalcadam,
1417 2108 1530 2150 sicut
1581 2109 1628 2150 in

71 2177 184 2219 alios
210 2176 419 2218 homines
448 2179 563 2218 terre
591 2190 686 2224 sue;
717 2180 757 2219 et
811 2178 1059 2232 predictam
1088 2178 1365 2221 cax·alcala111
1394 2192 1473 2220 seu
1501 2193 1628 2221 exer-

70 2247 209 2290 citum
236 2247 384 2289 eidem
425 2247 635 2302 episeopo
687 2251 727 2289 et
757 2248 1091 2290 suecessoribus
1119 2249 1227 2295 suis,
1258 2252 1301 2291 et
1352 2251 1628 2305 piocuiatori

29 2318 274 2374 predicto
301 2332 381 2373 pro
403 2318 577 2373 prefato
605 2319 788 2360 domino
815 2319 1067 2374 episcopo
1055 2319 1208 2373 adjudi
1213 2325 1429 2361 caxciunt
1457 2324 1496 2362 el
1527 2335 1625 2376 pio-

21 2397 42 2439 πῖ
73 2389 400 2431 uunciaxerunt
423 2389 562 2431 libere
591 2391 832 2444 pciti1iere;
853 2390 1024 2431 familia
1054 2394 1203 2432 tamen
1232 2391 1627 2446 dictiprtceptoris
1668 2392 1670 2394 ’

0 2444 49 2541 ἱ]
71 2472 152 2502 εει]
177 2473 353 2502 succes
347 2472 503 2507 omni,
535 2462 577 2501 et
605 2460 768 2501 doinus
798 2460 961 2501 milicie
1001 2460 1191 2515 I‘cmpli,
1221 2474 1248 2502 a
1275 2461 1477 2516 predicta
1501 2461 1629 2517 adju-

0 2519 42 2577 :⁴¹¹5
73 2530 296 2573 dicatione
318 2533 524 2585 excepta,
550 2543 630 2571 nec
653 2530 799 2585 ipsam
824 2530 964 2572 teneri
991 2531 1049 2572 ad
1076 2531 1227 2586 ipsum
1255 2532 1505 2574 exercitum
1527 2546 1627 2588 pre-

0 2578 50 2719 ἓξ
0 2600 179 2643 dicti
205 2600 363 2643 arbitri
390 2600 647 2642 v.oluerunt

130 2741 186 2784 Et'
212 2742 473 2785 immediate
503 2741 690 2798 predicti
719 2745 956 2798 preceptor
983 2746 1027 2784 et
1054 2743 1097 2784 di
1103 2743 1160 2785 cti
1212 2745 1267 2784 d«
1263 2745 1332 2785 ·{1n
1342 2745 1384 2785 ni
1431 2760 1484 2799 (Ἰ
1492 2761 1537 2786 s«
1555 2746 1628 2799 opi

0 2796 51 2869 ,J
73 2816 330 2868 procurator
357 2812 782 2868 pronunciacionem
827 2813 1048 2854 dictorum
1076 2814 1362 2856 arbitroiuni.
1394 2816 1486 2856 arb?
1497 2819 1627 2856 tralo-

13 2854 46 2877 ³⁸³
