2205 3299
1128 125 1177 129 --
1208 99 1294 140 410
1333 125 1374 128 -

464 208 713 261 gnitionem
742 208 797 249 de
825 206 1036 262 predictis
1063 206 1194 248 vobis
1222 209 1264 247 et
1284 206 1648 248 antecessoribus
1669 203 1847 246 vestris.

526 278 618 328 Que
646 277 830 333 quidem
861 278 982 321 villa.
1012 290 1114 319 cum
1144 290 1225 318 suo
1255 279 1527 323 tenemento,
1560 274 1827 317 terminatur
1860 275 1909 314 ut
1936 285 2038 313 mo-

468 351 601 390 vetur
626 362 651 390 a
686 348 895 391 terminio
942 348 1156 404 quodam,
1212 347 1289 402 qui
1317 350 1503 390 vocatur
1528 346 1579 388 al
1628 346 1794 387 Perras
1815 347 1859 386 et
1910 346 2032 386 tenet

465 422 609 461 totum
632 433 843 475 campum
874 432 1025 460 meum
1048 419 1103 460 de
1130 420 1245 460 Area
1274 420 1317 459 et
1356 418 1546 473 partitur
1588 430 1690 459 cum
1741 428 1902 471 campo
1930 427 2031 456 meo

465 491 521 533 de
550 492 703 539 Ponte;
736 494 779 533 et
807 491 921 533 sicut
949 491 1038 531 itur
1082 490 1197 531 inter
1246 502 1458 544 campum
1510 487 1737 531 Guillclmi
1785 485 1960 529 Girardi
1987 488 2032 527 et

462 562 682 603 heredum
720 560 965 603 Bermundi
992 561 1047 602 (le
1093 559 1311 602 Pontibus
1337 561 1545 606 condam,
1577 562 1620 600 et
1647 558 1772 600 venit
1797 556 1849 599 al
1874 556 2025 603 pedro,

462 635 504 674 et
532 632 688 674 circuit
714 645 874 674 omnes
902 632 1062 674 domos
1090 631 1207 673 dicte
1242 631 1349 673 ville
1376 634 1420 673 et
1465 629 1710 676 hedilliciffl
1736 631 1779 670 et
1806 631 1856 670 ut
1881 627 2032 685 exitur

463 716 545 758 pcr
570 703 818 758 quamdam
845 702 1085 745 carreriam
1113 716 1140 745 a
1177 702 1296 744 dicta
1315 701 1438 751 villa,
1469 704 1512 744 et
1538 701 1629 743 itur
1663 713 1807 755 usque
1834 699 1892 742 ad
1925 699 2033 742 Cru-

463 787 560 816 cem
590 774 800 816 Veterem
828 787 916 829 que
944 777 1013 816 est
1040 773 1084 814 in
1105 773 1284 816 camino
1312 773 1367 815 de
1401 772 1553 817 Saloe,
1584 775 1628 813 et
1648 771 1774 813 venit
1797 784 1876 826 per
1894 770 2033 812 cami-

463 858 574 886 num
609 845 663 886 de
691 843 841 892 Salve,
875 858 1016 900 usque
1043 845 1099 886 ad
1127 844 1365 886 carreriam
1393 844 1449 885 de
1479 843 1700 886 Sausillis:
1732 845 1775 883 et.
1803 842 1927 884 venit
1953 855 2035 897 per

465 915 706 958 carreriam
735 916 789 956 de
819 915 1028 957 Sausillis
1056 928 1199 970 usque
1228 915 1285 956 ad
1313 914 1484 956 dictam
1510 927 1682 968 peram.

520 987 572 1029 Et
599 987 654 1028 de
683 985 883 1041 presenti
925 986 1100 1027 iterato.
1133 999 1212 1040 pro
1243 985 1442 1040 predicto
1472 984 1619 1027 leudo.
1657 984 1799 1031 vobis,
1825 983 2028 1029 domim,

455 1057 587 1099 [lexis
608 1057 801 1111 genibus
824 1059 867 1098 et
892 1056 1058 1111 junctis
1090 1057 1315 1103 manibus,
1354 1048 1622 1109 homagium
1653 1055 1779 1103 lario,
1813 1062 1852 1096 el
1886 1054 2033 1096 tideli-

462 1116 599 1170 tatem
648 1130 692 1169 et
718 1127 1010 1182 legalitatem,
1060 1131 1104 1169 et
1142 1140 1209 1169 ea.
1240 1141 1327 1182 que
1369 1127 1452 1168 sul)
1501 1125 1758 1181 juramento
1798 1125 2030 1182 fidelitatis

457 1198 760 1245 eontinentur,
788 1198 1049 1253 specialiter
1074 1212 1155 1253 pro
1185 1198 1397 1252 predictis
1428 1198 1559 1239 vobis
1590 1197 1803 1252 promitto
1842 1200 1886 1239 et
1910 1197 2025 1252 juro2

457 1272 714 1324 protestans
745 1269 863 1325 quod
894 1270 930 1311 si
958 1269 1089 1324 plura
1110 1268 1271 1311 scirem
1300 1282 1387 1323 que
1415 1282 1442 1310 a
1467 1268 1599 1310 vobis
1628 1271 1671 1309 et
1692 1268 1811 1311 dicta
1832 1268 2031 1310 Ecclesia

456 1346 678 1388 tenerem,
711 1341 812 1382 sive
843 1354 923 1396 pro
952 1339 1166 1395 predictis
1194 1339 1339 1381 facere
1367 1340 1598 1386 deberem,
1629 1339 1739 1380 illud
1770 1339 1871 1394 plus
1901 1339 2035 1381 vobis.

457 1413 654 1455 facerem
682 1413 726 1452 et.
752 1423 1121 1463 recognoscerem
1149 1423 1249 1451 cum
1278 1411 1335 1451 aiil
1365 1423 1435 1451 me
1466 1409 1628 1451 noticia
1656 1410 1905 1452 deveniret.

518 1557 571 1598 Et
598 1568 679 1597 nos
706 1554 827 1596 idem
858 1554 1167 1608 Bercugarius,
1201 1553 1490 1603 miseratione
1513 1552 1670 1594 divina
1696 1552 2030 1606 Magalonensis

457 1627 712 1682 episcopus,
741 1625 989 1681 predictam
1017 1624 1370 1677 recognitionem
1418 1623 1611 1678 benigne
1639 1626 1682 1665 et
1719 1627 1893 1677 gratam
1922 1623 2033 1665 reci-

460 1698 612 1753 pimus
641 1699 683 1739 et
725 1699 1030 1751 acceptamus.
1064 1698 1107 1737 et
1134 1695 1212 1736 libi
1243 1695 1361 1737 dicto
1388 1695 1593 1741 Fredolo,
1624 1697 1672 1736 ut
1701 1697 1853 1736 nostro
1906 1694 2029 1735 fideli

458 1767 727 1815 feudatariQ
760 1770 963 1809 nostram
1015 1767 1207 1821 gratiam
1236 1768 1279 1808 et
1319 1765 1649 1812 defensionem,
1704 1778 1808 1822 cum
1837 1765 1958 1820 pacis
1987 1767 2030 1806 et

457 1839 626 1882 amoris
653 1839 820 1886 osculo,
840 1838 1131 1880 concedimus
1158 1841 1202 1879 et
1223 1837 1485 1892 probamus.

517 1911 652 1952 Facta
678 1909 763 1951 fuit
789 1910 869 1951 hec
897 1908 1141 1963 recognitio
1176 1908 1221 1949 in
1249 1908 1439 1950 eeclesia
1465 1908 1520 1949 de
1571 1907 1826 1956 Casssslaco,
1858 1907 1902 1949 in
1932 1922 2032 1963 prc-

458 1982 610 2025 sencia
660 1984 703 2023 et
731 1981 989 2023 testimonio
1028 1980 1315 2022 dominorum
1339 1979 1594 2033 Bercngarii
1622 1979 1677 2021 de
1705 1978 1932 2021 Omelacio
1960 1992 2032 2020 sa-

458 2053 594 2096 crista
608 2052 801 2095 Ecclcsie
816 2050 1162 2106 Magalonensis‚
1185 2052 1234 2092 R.
1259 2050 1435 2092 Fredoli
1461 2051 1611 2104 legum
1634 2050 1840 2097 doctoris,
1886 2050 2032 2093 Sicar-

458 2124 504 2166 di
531 2118 585 2166 de
615 2124 736 2165 Bello
762 2123 897 2178 podio
926 2122 1085 2178 prioris
1112 2122 1167 2163 de
1219 2122 1403 2163 Lunello
1444 2122 1600 2164 veteri.
1655 2122 1867 2164 Randult'i
1912 2123 2032 2178 prio-—

458 2196 519 2238 ris
547 2196 602 2237 de
642 2194 920 2242 Venranicis,
952 2193 1159 2235 Haenrici
1189 2192 1351 2248 prioris
1403 2192 1556 2234 Sancti
1596 2193 1903 2240 Vincenciani,
1957 2208 2030 2236 ca·

455 2267 721 2309 nonicorum
772 2265 1175 2320 Magalonensium:
1225 2264 1445 2306 Johannis
1497 2265 1711 2307 Bernarili
1760 2265 2024 2321 jurisperiti,

460 2337 665 2392 magistri
686 2337 804 2379 Petri
832 2338 887 2379 de
914 2335 1156 2383 Viridario‚
1188 2336 1389 2391 magistri
1421 2336 1648 2378 Pasclialis
1677 2336 1837 2378 notarii
1865 2340 1910 2379 et
1936 2337 2026 2378 mei

456 2408 575 2450 Petri
597 2407 905 2462 Christophori
927 2407 1095 2462 publici
1123 2407 1283 2449 notarii
1310 2407 1356 2448 in
1385 2410 1476 2449 tota
1498 2407 1684 2449 baronia
1704 2408 1759 2449 (le
1783 2407 2028 2450 Rocalt'olio

459 2494 517 2522 ex
544 2482 670 2535 parte
717 2471 1009 2520 illustrissimi
1052 2478 1226 2519 domini
1277 2478 1499 2525 Haenrici,
1549 2478 1628 2520 Dei
1653 2478 1799 2532 gratia
1848 2479 2027 2521 comitis

455 2549 760 2593 Ruthenensis
788 2549 1048 2605 supradicti,
1079 2549 1157 2604 qui
1186 2549 1400 2591 mandato
1439 2549 1626 2603 predicti
1657 2549 2025 2604 reverendissimi

457 2621 597 2677 patris
626 2621 669 2661 in
697 2620 872 2662 Christo
900 2619 1073 2662 domini
1101 2618 1386 2677 B[erengarii]
1428 2606 1760 2673 ixlagalono'nsis
1806 2620 2022 2675 episcopi,

460 2695 504 2734 et
531 2691 637 2733 dicti
687 2691 852 2733 nobilis
875 2690 1047 2732 Fredoli
1090 2691 1145 2732 de
1197 2691 1355 2745 Ruppe
1385 2688 1594 2746 Ayncria,
1627 2691 1710 2732 hoc
1738 2691 1781 2731 iu
1834 2691 2024 2733 formam

457 2763 686 2819 publicam
720 2761 892 2817 scripsi,
923 2765 968 2804 et
987 2762 1045 2803 ali
1072 2761 1242 2802 eisdem
1286 2762 1553 2803 mandatum
1604 2761 1742 2804 habui
1770 2765 1815 2802 ut
1845 2762 2024 2817 utrique
