2040 3404
739 118 985 162 —507—

145 223 490 268 Considerantes
530 225 798 281 specialiter,
830 228 879 267 ut
929 225 1154 272 dicebant,
1184 223 1540 279 jurisdictionem
1593 224 1636 266 et

86 294 177 337 alia
219 295 417 350 predicte
445 295 638 338 Ecclesie
665 295 797 338 valde
825 295 1119 351 dispendiosa
1144 297 1188 337 et
1214 298 1483 350 sumptuosa
1516 294 1636 337 exis—

86 369 192 412 tere,
223 368 268 408 et
309 370 551 422 proventus
579 366 744 408 exinde
785 366 1116 422 provenientes,
1147 379 1229 421 pro
1256 368 1380 408 tanto
1406 368 1564 408 tenues
1590 367 1635 407 et

85 435 227 478 exiles
254 436 373 492 quod
402 437 624 479 modicam
653 439 730 479 aut
757 437 848 480 fere
872 437 1041 480 nullam
1068 436 1310 479 utilitatem
1338 439 1636 479 consecuntur

84 499 141 550 ex
161 507 242 554 eis,
272 509 316 549 et
360 520 413 550 ea
439 521 525 563 que
557 501 633 563 per
655 520 732 549 nos
781 521 859 562 pro
888 507 1099 563 predictis
1126 507 1429 561 assignantur,
1461 507 1633 549 eisdem

84 580 190 620 sunt
215 580 259 620 et-
285 581 417 620 erunt
455 578 520 621 eis
546 578 680 620 valde
726 578 853 620 utilia
881 581 924 620 et
973 577 1166 620 Ecclesie
1194 576 1406 633 predicte,
1462 577 1634 633 absque

81 661 217 692 onere
244 637 510 705 sumptuum
531 651 575 690 et
601 649 823 696 laborum,
1356 638 1359 639 ⁷

95 707 98 710 ⁴
140 719 188 762 In
215 733 306 776 qua
331 719 517 776 quidem
545 720 874 775 permutatione
902 720 1206 774 processimus
1233 722 1283 761 ut
1309 720 1526 776 sequitur:

140 789 188 831 In
234 790 392 845 primis
436 790 620 845 predicti
651 793 962 845 procuratores
993 790 1099 832 dicti
1126 790 1339 846 episcopi,
1383 805 1463 846 pro
1502 791 1632 835 dictis

81 861 305 918 episcopo,
325 865 370 904 ct
383 860 587 916 Capitulo
603 864 646 903 et
661 860 857 903 Ecclesia
873 861 1074 916 predicta
1089 863 1130 903 et
1147 861 1330 903 nomine
1346 862 1627 910 eorumdem,

80 932 360 994 transferunt
387 932 430 973 in
460 946 539 974 uos
566 935 611 975 et
637 945 918 974 successores
946 934 1122 974 nostros
1145 945 1270 986 reges
1290 932 1561 975 Francorum
1584 933 1631 975 in

78 1006 363 1060 perpetuum,
394 1006 437 1045 et
465 1003 592 1045 nobis
638 1003 761 1050 dant,
792 1003 1043 1045 concedunt
1063 1005 1106 1044 et
1132 1003 1379 1051 dimittunt,
1405 1017 1462 1045 ex
1491 1007 1629 1046 causa

80 1076 300 1133 presentis
321 1078 573 1118 contractus
600 1074 909 1116 omnimodam
931 1073 1289 1129 jurisdictionem
1311 1075 1624 1130 temporalem,

76 1160 214 1206 quani
248 1147 384 1189 habet
410 1152 454 1188 et
492 1146 656 1188 habere
678 1145 813 1187 debet
837 1158 1021 1201 quoquo
1048 1145 1183 1187 modo
1210 1147 1450 1202 episcopus
1476 1147 1629 1202 Maga-

75 1219 274 1263 loncnsis
313 1218 358 1259 in
403 1217 602 1273 predicta
629 1214 787 1274 [parte]
816 1216 1058 1272 episcopali
1086 1217 1500 1272 Montispessulani,
1539 1231 1627 1274 que

75 1289 521 1345 Monspcssulanctus
550 1291 748 1330 vocatur.
768 1289 807 1329 ct
831 1292 876 1328 in
898 1287 1118 1330 territorio
1145 1286 1366 1342 ejusdem;
1392 1287 1454 1330 ita
1474 1291 1627 1331 tamen

75 1362 196 1420 quod
218 1361 364 1402 dictus
392 1359 629 1414 episcopus
651 1358 836 1400 habebit
861 1357 1218 1412 jurisdictionem
1232 1361 1410 1400 tantum
1430 1360 1472 1400 in
1498 1371 1627 1402 suam

75 1432 310 1477 familiam,
354 1430 470 1472 infra
498 1429 685 1471 domum
731 1441 860 1471 suam
912 1428 1213 1483 episcopalem
1265 1429 1622 1486 delinquentem,

73 1517 210 1560 super
253 1503 430 1545 levibus
475 1501 697 1543 duntaxat
717 1503 761 1543 et
787 1499 1046 1542 domesticis
1089 1500 1368 1549 criminibus;
1398 1501 1462 1544 ita
1505 1502 1627 1558 quod

74 1569 313 1617 numerum
342 1572 525 1615 solitum
566 1584 646 1613 sue
674 1570 844 1614 [amilie
871 1571 916 1612 in
944 1570 1148 1613 fraudem
1176 1570 1309 1627 hujus
1329 1572 1625 1615 ordinationis

69 1661 157 1692 non
179 1645 380 1689 excedat.

134 1717 429 1762 Transterunt
456 1715 499 1757 iu
528 1728 610 1757 nos
638 1714 790 1762 etiam,
821 1716 864 1756 et
893 1714 1020 1756 nobis
1066 1714 1189 1762 dant,
1220 1716 1470 1757 concedunt
1491 1720 1534 1757 et
1560 1717 1625 1758 di-

72 1790 270 1836 mittunt,
303 1801 359 1831 ex
385 1800 520 1830 causa
547 1786 760 1842 predicta,
793 1788 934 1827 totum
972 1784 1042 1839 jus
1071 1784 1189 1827 leodi
1217 1789 1261 1827 ct
1281 1786 1620 1834 dominationis.

69 1874 173 1905 cum
196 1858 406 1915 homagio
435 1861 479 1900 et
505 1859 786 1900 sacramento
808 1855 1053 1903 fidelitatis,
1085 1869 1171 1911 que
1200 1856 1337 1899 habet
1359 1858 1402 1898 in
1425 1861 1467 1899 et
1489 1872 1627 1914 super

68 1933 307 1975 «lominum
355 1927 751 1984 Montispessulani
779 1929 822 1969 et
848 1939 919 1968 res
946 1940 1059 1983 quas
1087 1926 1233 1969 dictus
1261 1928 1473 1970 dominus
1500 1930 1625 1972 Mon-

70 2001 356 2058 tispessulani
386 1999 556 2042 ratione
577 1998 695 2040 feodi
719 1998 904 2052 predicti
927 2011 953 2040 a
978 1998 1095 2039 dicto
1116 1998 1325 2054 episcopo
1347 2003 1482 2047 tenet,
1514 2014 1623 2055 quo-

68 2074 121 2116 ad
147 2073 301 2115 villam
352 2069 747 2125 Montispessulani
787 2073 831 2111 et
862 2071 1059 2111 castrum
1105 2069 1334 2112 Lattarum
1362 2074 1405 2112 et
1431 2072 1622 2114 aliarum

70 2128 215 2186 rerum
247 2142 546 2198 predictarum
567 2145 611 2183 ct
633 2140 1004 2196 pertinentiarum
1050 2140 1315 2182 earumdem
1340 2141 1411 2183 vel
1439 2155 1622 2184 eorum-

67 2215 171 2256 dem
198 2215 438 2257 duntaxat:
459 2212 612 2255 omnia
638 2212 773 2254 ctiam
800 2210 901 2266 jura
945 2210 1211 2265 temporalia
1249 2224 1535 2269 quecumque
1562 2213 1619 2256 ad

67 2285 327 2341 episcopum
359 2283 606 2339 predictum
636 2281 908 2338 pertinentia
928 2295 1108 2336 quoquo
1154 2282 1288 2324 modo
1311 2283 1355 2323 in
1385 2283 1615 2338 predictis,

68 2359 159 2398 tam
189 2356 233 2398 in
261 2355 466 2412 personis
488 2355 557 2395 vel
586 2354 736 2400 rebus,
767 2352 948 2394 velatio
982 2365 1164 2408 quoquo
1216 2353 1367 2401 modo,
1399 2356 1442 2395 et
1467 2357 1622 2397 contra

67 2439 376 2485 quascumque
406 2437 620 2481 personas
648 2424 816 2466 ratione
855 2423 1134 2470 eorumdem,
1184 2424 1384 2479 exceptis
1429 2424 1617 2468 interius

69 2497 340 2552 expressatis
368 2509 445 2538 seu
493 2495 695 2538 retentis:
727 2494 788 2536 ita
831 2493 952 2550 quod
979 2506 1006 2535 a
1032 2493 1162 2536 nobis
1183 2507 1261 2536 seu
1315 2495 1451 2537 domo
1479 2496 1614 2551 regia.

67 2580 148 2610 nos
175 2567 247 2609 vel
274 2579 552 2609 successores
580 2565 719 2608 nostri
760 2577 968 2620 separare
996 2578 1076 2606 seu
1121 2565 1330 2608 abdicare
1362 2580 1449 2608 non
1476 2568 1619 2622 possi-

67 2650 166 2680 mus
183 2637 396 2694 predicta,
418 2650 495 2680 uec
518 2637 561 2678 in
583 2648 917 2693 quemcumque
939 2636 1079 2678 alium
1098 2636 1354 2683 transferre.
1374 2651 1456 2680 nec
1476 2638 1616 2681 alium

65 2722 291 2766 quemque
319 2708 595 2764 superiorem
625 2707 860 2749 dominum
888 2721 967 2762 pro
995 2707 1086 2749 ullo
1113 2721 1219 2750 casu
1271 2710 1612 2764 superioritatis.

67 2778 195 2821 uobis
215 2782 259 2820 et
279 2779 617 2822 successoribus
643 2778 808 2821 nostris
830 2778 1012 2820 Fraucie
1034 2778 1216 2833 regibus
1237 2780 1452 2834 exceptis,
1486 2780 1616 2822 liceat
