2040 3404
848 152 1012 195 -681
1045 175 1097 181 —

193 256 350 314 bajulo
377 257 481 300 dicti
529 258 660 300 casii-i
690 260 744 300 ilc
799 260 995 302 possano
1019 273 1101 314 pro
1127 257 1244 300 dlcto
1285 256 1470 299 domino
1515 257 1743 314 episcopo,

198 328 318 384 quo'd
347 329 506 371 faceret
534 330 826 384 p1·cconii'ai·‹=,
847 345 903 372 cx
922 333 1045 385 parto
1075 328 1180 371 dicti
1216 328 1388 371 domiui
1409 327 1744 383 Magalonensis

198 399 410 455 episcopi,
429 400 473 441 in
501 399 618 442 (licto
647 403 791 442 castro
807 401 861 443 de
891 402 1087 443 Porsano
1112 412 1168 454 ca
1187 412 1274 455 que
1323 402 1550 448 secuntur,
1582 398 1749 441 scilicet

197 469 278 512 hec
305 471 457 513 verba:

255 610 556 654 Mandameus
583 627 626 654 es
653 611 707 654 cle
731 620 839 669 part
867 612 1098 665 ›nosenloer
1127 612 1352 670 l'avesque
1377 610 1432 653 de
1473 610 1741 668 Maqalona,

196 695 283 739 que
308 689 422 725 tostz
447 682 551 725 lzom
579 682 633 724 (le
676 690 889 740 quaml-se
915 698 1023 724 ans-:2
1050 698 1101 725 en
1128 698 1219 734 sus,
1253 696 1409 739 221?an
1443 681 1550 724 ades
1600 694 1747 739 aprop

195 751 243 795 la
269 767 426 802 messa,
459 769 487 796 a
517 753 683 796 l'osdal
702 753 801 796 (l'en
855 753 1066 796 Gnillcem
1107 754 1262 796 Esteve
1287 752 1342 796 de
1366 752 1604 811 Sobeyrm,
1655 765 1736 810 per

191 822 273 880 sar
301 823 343 867 lo
369 839 611 881 saqramen
633 824 688 866 de
711 825 934 880 s'esaalat,
960 839 1046 882 que
1065 840 1111 867 se
1137 831 1296 881 lenqut
1319 823 1373 867 de
1396 823 1474 880 sor
1498 822 1631 880 aldiq
1651 837 1746 865 mo-

194 894 353 938 senher
381 894 615 954 l'avesquc,
649 911 698 938 so
726 910 770 938 es
798 910 825 937 α
853 894 983 937 saber
1009 910 1036 937 a
1063 910 1174 937 mos.
1206 895 1250 937 el
1273 901 1478 951 saqresta
1506 893 1561 936 de
1585 893 1748 950 Muqa-

197 963 304 1010 lona
330 965 507 1009 receben
526 981 607 1024 per
636 965 732 1024 luy.

231 1097 305 1157 *Et
326 1097 442 1154 lacta
468 1098 589 1141 dicta
627 1097 986 1153 preconizatione
1037 1097 1082 1139 in
1109 1097 1228 1140 dicto
1254 1099 1398 1140 castro
1425 1096 1481 1139 de
1530 1097 1742 1145 Porsano,

193 1167 240 1211 in
267 1169 473 1224 pluribus
499 1169 623 1216 locis,
652 1169 700 1210 in
726 1166 895 1229 quihus
923 1172 1018 1211 erat
1054 1171 1321 1212 consuetum
1349 1167 1646 1224 prcconizare,
1698 1170 1749 1210 ut

193 1239 439 1287 dicebatur,
466 1243 688 1282 venerunt
708 1243 753 1282 et
773 1242 1123 1296 comparuerunt
1145 1239 1194 1282 in
1214 1239 1331 1281 dicto
1364 1238 1564 1294 hospicio
1584 1238 1748 1281 nobilis

191 1310 280 1353 viri
305 1311 478 1353 domini
503 1311 734 1354 Guilleimi
762 1310 980 1366 Stephani
1008 1310 1062 1352 de
1092 1309 1360 1365 Sobeyracio
1388 1309 1617 1352 domicelli
1669 1323 1744 1352 su-

190 1381 398 1438 pradicti,
440 1382 606 1425 scilicet
632 1395 789 1424 omncs
817 1384 860 1424 et
887 1381 1053 1436 singuli
1092 1380 1280 1423 inferius
1307 1380 1542 1440 nominati,
1572 1380 1652 1436 qui
1676 1380 1743 1423 di-

191 1452 355 1495 cebant
380 1466 428 1496 sc
455 1466 553 1496 esse
580 1453 857 1495 habitatores
909 1451 1015 1494 dicti
1041 1451 1174 1494 castri
1225 1451 1280 1493 de
1309 1451 1519 1494 Porsano.
1575 1450 1744 1494 scilicet

193 1535 347 1566 coram
371 1523 489 1566 dicto
510 1523 695 1567 domino
722 1524 924 1571 sacrista,
956 1526 1004 1565 ut
1033 1535 1181 1565 coram
1209 1525 1495 1577 procuratore
1534 1521 1641 1565 dicti
1668 1522 1747 1564 do-

193 1594 309 1656 mini
333 1595 667 1651 Magaloncnsis
690 1594 904 1650 episcopi.
1025 1639 1027 1641 .

205 1709 208 1715 ,
234 1655 306 1708 'Et
332 1668 434 1721 post
462 1666 588 1721 plura
616 1666 757 1708 verba
786 1666 902 1708 bona
928 1667 972 1707 et
1012 1664 1312 1720 rationabilia,
1343 1677 1424 1720 per
1449 1663 1620 1705 dictum
1669 1663 1748 1707 do-

196 1735 371 1784 minum
400 1739 735 1792 procuratorem
764 1736 882 1788 (licta
930 1738 973 1779 et
1023 1735 1253 1791 proposita
1280 1733 1538 1777 hominibus
1582 1733 1746 1777 intras-

193 1807 348 1863 criptis
374 1807 430 1849 de
475 1808 687 1855 Porszmo,
722 1810 766 1849 et
816 1807 960 1856 eciam
1012 1806 1141 1848 dictis
1192 1805 1451 1848 hominibus
1502 1804 1746 1860 vulgariter

195 1881 459 1934 expressam
509 1892 588 1934 pcr
613 1878 784 1920 (lictum
825 1877 1064 1920 dominum
1090 1878 1440 1932 procuratorem,
1465 1888 1518 1918 ca
1543 1888 1630 1931 que
1659 1876 1745 1919 sub

192 1948 448 2004 juramento
470 1949 701 1992 fidelitatis
728 1949 1027 1992 continentur:

254 2020 462 2076 Postque
480 2033 640 2063 omnes
667 2023 711 2062 et
732 2020 899 2075 singuli
919 2018 1108 2079 inferius
1136 2006 1351 2061 nominati
1375 2018 1494 2060 iccei
1498 2020 1591 2065 unt
1620 2030 1746 2074 pres·

195 2090 384 2134 titerunt
409 2104 460 2134 ac
486 2091 624 2134 etiam
651 2104 788 2146 super
813 2094 970 2133 sancta
1015 2075 1094 2132 Dei
1122 2088 1374 2136 evanhelia
1403 2087 1542 2143 gratis
1567 2089 1625 2131 ab
1659 2088 1746 2131 eis-

151 2156 157 2162 “
194 2161 299 2204 dem
326 2164 371 2204 et
395 2175 422 2204 a
461 2162 663 2217 quolibet
688 2175 746 2204 ex
792 2161 903 2217 ipsis
931 2161 1132 2217 prestito
1181 2159 1487 2214 juramentum
1513 2158 1746 2203 fidelitatis

191 2235 515 2293 preslaverunt
559 2233 677 2275 (licto
704 2232 888 2276 domino
942 2230 1229 2287 procuratori,
1260 2229 1493 2284 recipienti
1518 2242 1570 2272 ac
1608 2230 1746 2272 etiam

194 2290 504 2359 sollempniter
520 2303 754 2359 stipulanti
775 2317 855 2359 pro
881 2302 999 2345 dicto
1020 2301 1203 2344 domino
1226 2300 1435 2356 episcopo
1459 2300 1747 2355 Magalonen-

191 2374 248 2426 si,
279 2374 552 2430 dominoque
576 2374 682 2416 dicti
710 2374 843 2416 castri
889 2374 1184 2419 chorsano,
1233 2374 1274 2413 et
1303 2384 1381 2426 per
1406 2371 1557 2426 ipsum
1602 2370 1747 2413 domi-

194 2457 303 2487 num
333 2448 665 2500 procuratorem
692 2445 809 2487 dicto
850 2444 1032 2486 domino
1077 2443 1287 2499 episcopo
1331 2441 1641 2498 Magalonensi
1667 2441 1745 2484 do-

194 2502 409 2571 minoque
430 2516 535 2558 dicti
561 2516 694 2558 castri
722 2516 777 2557 ‹lc
807 2516 1004 2557 l’orsano
1026 2517 1071 2556 et
1087 2512 1420 2571 successoribus
1441 2512 1549 2558 suis,
1570 2512 1741 2555 scilicet

195 2587 331 2642 gratis
354 2587 473 2628 etde
500 2588 634 2642 plano
683 2586 897 2640 oninique
925 2584 1191 2639 exceptione
1230 2586 1271 2625 et
1300 2582 1622 2638 protestatione
1644 2597 1744 2638 pre-

196 2658 421 2699 terinissa.

255 2728 404 2770 Primo
430 2727 709 2783 juravet-‚unt
735 2731 782 2769 ut
811 2730 977 2768 las-tuni
1023 2710 1105 2769 cst
1136 2725 1304 2769 scilicet
1351 2725 1645 2780 Rayniumlus
1692 2725 1746 2765 de

197 2798 370 2843 (Molis.
405 2799 675 2841 liuillelinus
705 2799 786 2838 Yil.
782 2797 862 2838 ilis·
902 2796 1108 2838 consules·
1135 2795 1238 2838 (licii
1259 2795 1399 2838 casini
1446 2796 1500 2836 (1(
1530 2795 1742 2837 Pomm»

363 2877 752 2910 ‹iilic-NnTll
1480 2878 1516 2902 *s-
