2205 3299
1246 206 1325 247 1745
1354 231 1407 236 --

499 325 673 353 sni-rer»,-
705 320 743 353 et
787 312 919 368 recipi
976 312 1274 355 2·.·;=-,=1›<n21ei{·2·=·
1328 311 1561 356 sasivimus:
1597 312 1654 352 its.
1712 311 1831 366 (gs-od
1885 311 2062 354 nnllam

499 381 638 424 aliam
665 385 911 430 monetam,
943 385 1093 438 preter
1121 385 1352 426 monetam
1402 386 1605 427 nostr-am
1632 397 1843 440 grossam
1893 383 2069 438 argenti

504 454 550 496 et
573 451 685 500 auri,
716 465 871 496 cusam
919 455 962 496 et
987 454 1260 503 cudendam‚
1308 455 1481 497 ibidem
1509 468 1690 498 currere
1719 455 1792 497 vel
1830 453 1970 510 recipi
1995 466 2074 509 pa-

501 521 688 572 ciemur;
738 522 887 579 ipsam
915 526 1070 567 tamen
1116 527 1347 569 monetam
1374 528 1578 569 nostram
1629 537 1836 580 grossam
1886 536 2068 566 cursum

501 594 668 638 habere
697 608 878 650 semper
910 596 1123 638 volumus
1164 597 1507 645 incommotum;
1540 597 1600 640 ita
1626 597 1744 652 quod
1775 609 1931 638 cursus
1959 594 2070 638 mel-
2134 648 2137 650 q

495 665 715 720 goriensis
743 666 783 708 ei
812 679 901 709 non
947 667 1209 722 prejudicet,
1243 668 1315 709 vel
1343 671 1484 715 extra,
1535 681 1640 724 ymo
1668 670 1858 723 utraque
1893 666 2066 709 habeat
2128 655 2131 658 ¹

505 750 689 779 cursum
725 751 874 780 suum.

556 809 869 852 Promittimus
890 809 1029 853 etiam
1049 810 1178 852 vobis
1200 810 1321 866 quod
1344 810 1549 852 nolentes
1581 810 1721 852 dictos
1744 808 2066 864 melgorienses
2113 801 2117 805 ’
2145 802 2147 807 ’

420 930 432 934 ..
495 880 709 936 recipere,
740 882 784 922 et
810 880 946 923 alium
991 881 1222 923 monetam
1249 894 1388 936 quam
1422 881 1782 936 ‚melgoriensem
1827 882 1872 922 et
1897 879 2066 922 dictam

426 973 439 983 x
497 953 699 993 nostram
730 954 956 993 monetam
983 965 1187 1006 grossam
1215 951 1498 1006 recipientes,
1528 950 1730 1006 legitime
1758 949 2017 1006 puniemus.

561 1022 612 1064 Et
643 1024 685 1062 ut
715 1021 797 1063 hec
824 1022 1085 1076 diligentius
1127 1022 1455 1069 custodiantur,
1487 1021 1796 1077 promittimus
1823 1019 1953 1073 vobis
2004 1019 2071 1062 ei-

500 1094 603 1135 dem
632 1093 844 1149 episcopo
871 1093 1089 1147 predicto,
1121 1093 1241 1148 quod
1269 1092 1325 1135 ad
1356 1092 1494 1135 vestri
1547 1092 1887 1148 reipiisitionem
1917 1095 1954 1132 οἱ
1986 1090 2066 1132 01»-

499 1163 803 1206 servationem
831 1163 1038 1219 proxime
1066 1163 1304 1210 dictorum,
1335 1163 1554 1206 faciemus
1603 1163 1753 1218 jurare
1780 1163 1836 1204 de
1863 1162 2064 1218 presenti

496 1236 727 1277 tenentem
754 1234 904 1276 locum
932 1236 1139 1277 nostrum
1166 1233 1213 1276 in
1255 1234 1668 1289 Montepessulano;
1701 1236 1745 1276 et
1794 1233 1970 1276 futuros
1998 1234 2067 1275 tr-

499 1306 660 1347 nentes
686 1305 838 1348 locum
864 1306 1071 1347 nostrum
1098 1304 1145 1346 in
1171 1318 1254 1348 sua
1279 1305 1503 1348 creatione
1531 1304 1751 1348 faciemus
1777 1304 1916 1347 etiam
1940 1302 2066 1360 jura—

496 1389 559 1425 re;
591 1389 767 1418 necnon
794 1377 838 1418 et
864 1374 1071 1431 bajulum
1098 1378 1142 1418 et
1167 1375 1279 1418 alios
1307 1374 1526 1418 officiales
1553 1375 1674 1418 curie
1701 1378 1854 1418 nostre
1876 1373 2065 1417 Montis-

494 1446 725 1502 pessulani
753 1446 809 1488 de
837 1446 1036 1502 presenti
1064 1448 1108 1488 et
1134 1446 1309 1489 futuros
1334 1447 1383 1488 in
1419 1447 1663 1496 creatione,
1693 1446 1816 1503 quod
1836 1445 2058 1502 predicta,
2124 1469 2131 1480 ·

495 1521 719 1573 quantum
744 1517 790 1560 in
817 1518 882 1560 eis
910 1520 978 1561 est
1003 1518 1077 1560 vel
1104 1517 1204 1567 erit,
1235 1518 1457 1560 tenebunt
1482 1520 1526 1560 et
1552 1518 1817 1566 servabunt,
1848 1518 2064 1559 etcontra
2116 1527 2139 1562 ..Δ

495 1589 594 1631 fieri
621 1602 713 1631 non
740 1589 986 1645 pacientur:

552 1660 766 1703 Veientes
793 1663 837 1702 et
863 1660 1119 1715 specialiter
1143 1660 1441 1702 concedentes
1468 1660 1589 1714 quod
1619 1659 1752 1701 iidem
1774 1659 1983 1702 consules
2005 1671 2062 1700 ex

491 1730 631 1773 officii
658 1731 729 1773 sni
756 1732 909 1774 debito
938 1734 1176 1774 teneantur
1202 1731 1458 1786 providere,
1489 1730 1752 1773 deffendere
1785 1732 1830 1772 et
1859 1729 2054 1777 salvare,

492 1805 714 1858 quantum
742 1802 787 1844 in
814 1802 879 1846 eis
906 1805 974 1844 est
1000 1802 1122 1858 quod
1149 1802 1269 1845 dicta
1295 1805 1478 1844 moneta
1518 1801 1830 1856 melgoriensis
1877 1813 2059 1856 semper
2119 1815 2122 1818 ⁴

493 1876 642 1916 currat
667 1873 1150 1929 in.Montepessulano;
1181 1876 1226 1915 et
1252 1873 1371 1928 quod
1399 1873 1489 1915 alia
1516 1876 1698 1915 monela
1717 1875 1868 1928 preter
1894 1873 2062 1927 metgo*

489 1943 703 1992 riensem,
735 1947 779 1986 et
804 1947 1006 1986 nostram
1034 1946 1078 1986 et
1103 1932 1360 1986 nostrorum
1386 1956 1593 1998 grossam
1617 1943 1867 1999 predictam
1888 1943 1986 1986 auri
2015 1945 2061 1985 et

489 2014 680 2068 argenti,
711 2014 775 2057 ibi
801 2028 892 2057 non
919 2017 1068 2057 currat
1096 2028 1177 2057 nec
1204 2014 1463 2070 recipiatur:
2059 2006 2067 2018 ²

551 2084 603 2127 Et
628 2085 751 2140 quod
791 2088 1148 2140 transgressores
1193 2085 1393 2140 legitime
1421 2086 1683 2140 puniantur,
1733 2086 1849 2128 sicut
1897 2099 1956 2128 ex
1988 2087 2060 2129 sui
2120 2111 2122 2113 >

487 2155 626 2197 officii
653 2156 821 2203 debito,
852 2156 1084 2198 libertates
1112 2159 1155 2197 et
1182 2169 1448 2198 communes
1476 2157 1695 2199 utilitates
1725 2157 1835 2200 ville
1864 2157 2053 2211 Montis,-

493 2227 726 2281 pessulani
751 2229 964 2270 tenentur
989 2226 1252 2269 deffendere
1281 2230 1324 2267 et.
1352 2228 1544 2271 salvare:

546 2297 682 2352 Cujus
709 2298 905 2340 formam
945 2298 1231 2345 sacramenti,
1265 2300 1312 2339 ut
1358 2298 1564 2353 proxime
1616 2298 1782 2356 scripta
1809 2302 1877 2342 est
1916 2299 1960 2341 in
1987 2313 2058 2343 sa-
2106 2288 2109 2291 Δ

483 2368 748 2409 eramentali
775 2368 1062 2416 sacramenti,
1094 2368 1215 2423 quod
1246 2368 1375 2410 nobis
1403 2368 1510 2410 dicti
1555 2370 1764 2412 consules
1816 2369 1987 2412 faciunt
2009 2370 2053 2412 in

483 2437 553 2479 sui
580 2438 821 2485 creatione,
853 2439 987 2481 scribi
1015 2443 1059 2481 et
1087 2439 1224 2481 inseri
1252 2439 1485 2480 faciemus.
2096 2490 2102 2496 ¹

545 2508 668 2550 Edici
696 2509 832 2551 etiam
861 2522 965 2550 cum
995 2509 1130 2555 tubis,
1162 2524 1243 2564 per
1268 2510 1424 2551 villam
1453 2510 1868 2565 Montispessulani,
1895 2511 2081 2566 ,singna

485 2576 542 2621 lis
570 2579 699 2621 annis
726 2579 946 2621 faciemus
973 2580 1094 2635 quod
1122 2583 1305 2622 moneta
1330 2580 1548 2634 Melgorii,
1568 2583 1612 2622 et
1640 2581 1763 2623 nulla
1788 2582 1878 2624 alia
1904 2586 2056 2638 pretet·
2107 2591 2118 2626 ,·’

482 2651 651 2694 dictam
680 2653 908 2693 monetam
936 2653 1136 2693 nostram
1163 2654 1208 2692 et
1234 2654 1490 2693 nostrorum
1520 2652 1824 2705 predictorum
1843 2666 2051 2708 grossam
2111 2696 2113 2698 ,

482 2722 581 2764 auri
609 2724 653 2765 et
678 2721 869 2776 argenti,
902 2724 1049 2763 currat
1076 2724 1120 2763 et
1147 2721 1389 2777 recipiatur
1415 2722 1461 2763 in
1506 2721 1616 2764 villa
1642 2723 2044 2780 lllonffispessulani
2106 2740 2115 2745 ”

482 2797 527 2836 et
553 2795 706 2836 contra
733 2792 907 2836 faciens
935 2792 1182 2847 puniretur.
2101 2792 2105 2798 '

549 2865 612 2906 Ne
643 2867 790 2907 tamen
819 2877 876 2906 ex
903 2863 1085 2906 sinistro
1112 2863 1356 2910 intellectu,
1387 2863 1595 2907 homines
1619 2865 1757 2907 nostri
1780 2865 2046 2933 Montispcs-
