2205 3299
1144 52 1195 55 ff*
1224 25 1310 68 446
1341 50 1390 56 -ψ

490 133 596 176 inde
623 134 748 176 omni
777 134 878 176 usui
906 138 949 176 et
983 131 1316 179 consuetudini,
1347 129 1585 187 privilegio
1635 129 1822 172 alterius
1850 127 1948 176 fori,
1979 115 2048 170 'et

489 204 760 259 generaliter
785 204 909 247 omni
935 203 1038 258 juri,
1069 201 1232 245 rationi
1258 204 1395 258 atque
1424 199 1528 243 facti
1554 198 1726 241 auxilio
1753 200 1797 240 et
1823 196 2046 241 beneficio

491 275 706 318 canonico
732 278 786 318 et
801 275 939 322 civili,
970 287 1051 329 per
1076 286 1179 329 que,
1209 275 1365 315 contra
1390 270 1592 327 predicta
1628 273 1707 312 aut
1731 268 1903 325 aliquid
1948 281 2047 324 pre-

490 346 730 394 dictorum,
762 346 918 389 venire
946 357 1129 400 possem
1168 343 1483 399 imposterum,
1514 354 1594 384 seu
1621 340 1760 383 etiam
1787 352 1861 382 me
1913 338 2042 386 tueri,

491 432 571 460 seu
599 418 734 460 etiam
763 417 908 459 dictus
936 415 1147 458 dominus
1167 427 1334 462 comes,
1370 412 1542 456 ratione
1570 425 1650 454 seu
1676 410 1910 453 occasione
1948 422 2049 465 pre-

490 489 733 531 missorum
760 490 913 543 posset
939 500 987 529 se
1015 485 1276 528 deffendere
1303 498 1382 527 seu
1409 484 1540 527 tueri.

547 561 702 602 Testes
729 559 893 601 horum
921 564 1026 599 sunt
1052 556 1334 600 Raimundus
1361 554 1543 597 Moliani
1571 552 1853 599 domicellus,
1885 552 2048 594 Beren-

485 631 637 684 garius
664 630 774 672 Boni
801 629 1002 676 clericus,
1035 627 1289 670 Bernardus
1323 625 1487 669 Parani
1515 625 1762 681 dyaconus,
1787 623 1946 665 Petrus
1990 621 2046 663 de

491 700 655 744 Plobre
675 700 878 745 clericus.
911 700 1039 754 Hugo
1066 698 1246 741 Andree
1273 700 1318 740 et
1350 711 1432 752 ego
1457 696 1685 739 Johannes
1713 693 1890 741 Gaschi,
1917 695 2045 735 nota-

487 774 581 814 rius
613 771 869 827 sepedictus
896 770 1003 813 dicti
1030 769 1205 812 domini
1232 767 1432 824 episcopi
1483 765 1832 821 Magalonensis.
1861 763 1941 821 qui
1979 776 2049 805 ro-

481 846 614 898 gatus
636 842 848 898 utrmque
878 840 1081 898 predicta
1106 839 1261 883 omnia
1287 837 1531 894 etsingula
1553 836 1712 892 scripsi
1739 839 1784 877 et
1821 834 2016 890 signavi,

1321 982 1416 1020 (Reg.
1443 980 1477 1017 C,
1504 980 1561 1010 tol.
1590 980 1644 1010 102
1665 986 1719 1018 Γ).

748 1279 982 1321 DCCCXX.
1019 1304 1070 1308 —
1100 1279 1126 1319 ό
1156 1277 1322 1319 levrici·
1352 1277 1464 1319 1289
1490 1281 1552 1331 (n.
1584 1291 1618 1319 s.
1651 1278 1787 1333 1290>

538 1425 815 1469 Hommage
834 1422 923 1457 fait
943 1421 974 1457 ἐι,
993 1419 1253 1472 Berenger
1283 1418 1466 1456 Fredol
1485 1429 1578 1465 par
1595 1419 1669 1456 les
1707 1421 1966 1467 seigneux-s
1986 1422 2048 1460 de

485 1486 592 1522 Vie.

546 1618 677 1659 Anno
703 1614 933 1657 Dominice
970 1611 1296 1654 lncarnationis
1341 1612 1402 1653 Μο
1428 1611 1511 1654 CC⁰
1563 1611 1809 1660 LXXX1X0,
1834 1615 1879 1654 et
1905 1626 2047 1656 nonas
2074 1593 2084 1597 -

484 1686 711 1734 febroarii,
731 1686 946 1739 regnante
968 1682 1153 1725 domino
1180 1682 1390 1738 Philippo
1411 1695 1514 1737 rege
1535 1683 1825 1731 Francorum,
1856 1686 1900 1725 et
1919 1697 2046 1727 reve—

487 1758 628 1801 rendo
654 1757 701 1798 in
728 1755 904 1798 Christo
933 1756 1059 1810 patre
1087 1753 1272 1796 domino
1298 1753 1582 1809 Berengario,
1620 1753 1700 1796 Dei
1725 1754 1870 1808 gratia
1896 1755 2047 1810 Maga-

484 1828 657 1872 lonensi
687 1827 899 1883 episcopo
926 1824 1199 1880 presidente,
1230 1837 1333 1866 cum
1355 1824 1627 1867 venerahilis
1654 1828 1783 1880 pater
1802 1825 1847 1866 in
1869 1826 2047 1869 Christo

487 1900 700 1942 dominus
726 1896 1040 1952 Berengarius,
1071 1896 1151 1938 Dei
1169 1895 1315 1951 gratia
1340 1895 1580 1951 episcopus
1601 1896 1949 1951 Magalonensis,
1981 1898 2046 1939 vi-

488 1971 644 2013 sitaret
664 1968 902 2011 ecclesiam
929 1967 1092 2009 Sancte
1114 1966 1331 2009 Leocadie
1359 1967 1415 2008 de
1443 1967 1566 2014 Vico,
1597 1968 1855 2011 convocatis
1883 1972 1926 2011 et
1946 1983 2047 2024 prc-

485 2040 690 2084 sentibus
703 2039 912 2094 religioso
928 2039 1026 2079 viro
1048 2037 1233 2080 domino
1254 2037 1530 2080 Adhemario
1546 2037 1601 2079 de
1622 2037 1922 2095 Cabrayiollis
1948 2053 2046 2096 pre-

487 2112 635 2168 posito
662 2109 986 2165 Magalonensi,
1018 2111 1063 2151 et
1088 2109 1218 2151 Petro
1244 2108 1300 2150 de
1321 2108 1525 2151 Cornone
1552 2112 1596 2151 et
1617 2109 1748 2151 Petro
1765 2110 1824 2152 tle
1845 2110 2043 2154 Fabr1cis

489 2182 754 2230 domicellis,
785 2180 982 2223 dominis
1021 2179 1127 2221 ville
1154 2179 1209 2221 de
1235 2179 1344 2221 Vico
1365 2181 1409 2221 et
1435 2179 1576 2221 tocius
1604 2179 1700 2235 ejus
1720 2179 2043 2235 jurisdictionis

487 2268 568 2309 pro
584 2255 709 2309 parte
730 2252 970 2307 cujuslibet
988 2251 1289 2306 contingente,
1310 2249 1414 2292 fecit
1429 2251 1549 2292 idem
1571 2251 1783 2294 dominus
1805 2254 2043 2308 episcopus

488 2326 534 2367 in
561 2324 795 2380 presencia
839 2322 1121 2368 eorumdem,
1153 2321 1240 2376 legi
1267 2321 1454 2363 solerter
1502 2323 1547 2363 et
1590 2322 1799 2365 distincte
1844 2324 2042 2379 quedam

484 2394 804 2451 antiquissima
829 2396 873 2436 et
898 2392 1079 2448 publica
1121 2393 1424 2434 instrumenta
1449 2393 1496 2435 in
1522 2393 1689 2450 quibus
1733 2393 2047 2439 continebatur

484 2466 680 2522 qualiter
698 2465 870 2507 domini
915 2464 1146 2519 quondam
1173 2464 1229 2506 de
1256 2464 1364 2506 Vico
1385 2467 1743 2519 recognoverunt
1762 2469 1807 2508 et
1849 2468 2041 2509 contessi

490 2537 672 2578 fuerunt
699 2549 746 2577 se
774 2537 928 2577 tenere
961 2534 1191 2590 quondam
1243 2534 1398 2577 villam
1423 2535 1477 2577 de
1498 2535 1607 2577 Vico
1631 2536 1892 2592 predictam,
1938 2551 2042 2580 cum

485 2607 699 2649 omnibus
727 2605 821 2648 suis
849 2604 1132 2661 pertinentiis
1177 2605 1402 2648 universis
1430 2608 1473 2648 et
1494 2606 1699 2661 singulis,
1729 2608 1787 2649 ab
1832 2609 2042 2665 episcopo

486 2676 793 2733 Magalonensi
822 2678 864 2717 et
892 2676 949 2717 ab
976 2675 1073 2730 ipsa
1101 2675 1309 2718 Ecclesia.
