2205 3299
1220 216 1232 218 ἡ
1266 190 1349 229 2³24

524 298 567 336 et
595 298 827 337 asserebat
854 300 976 351 quod
1000 300 1169 337 dict-um
1198 300 1509 340 tenementum
1541 312 1618 338 seu
1653 296 1926 339 territorium
1978 296 2090 339 inie-

522 363 618 406 rius
645 363 996 410 confrontatum.
1041 365 1331 421 designatum
1360 369 1404 409 et
1447 365 1757 415 terminatum,
1788 366 1921 422 pleno
1970 365 2084 422 jure,

520 437 744 491 quantum
772 435 832 479 ad
860 449 1036 479 merum
1066 439 1108 478 et
1135 435 1333 478 mixtum
1361 436 1624 492 imperium,
1655 449 1830 479 necnon
1858 440 1902 479 et
1939 438 2088 481 omni-

521 506 706 550 modam
731 505 1110 562 jurisdictionem,
1135 507 1194 550 ad
1216 507 1383 550 dictam
1405 507 1593 550 domum
1615 507 1792 562 Templi
1813 510 1858 550 et
1883 507 1941 550 ad
1959 521 2084 557 eum,

523 577 709 622 nomine
737 578 855 621 dicte
882 578 1061 626 domus,
1112 578 1340 634 pei-tilient
1365 581 1409 621 et
1459 578 1683 634 pertinere
1734 578 1903 621 debent
1952 578 2087 635 pleno

519 648 635 705 jure,
667 651 710 691 et
737 649 793 691 de
820 648 1036 704 predictis
1065 652 1156 692 tam
1185 649 1282 704 ipse
1308 662 1447 706 quam
1475 649 1545 692 sui
1597 649 1939 705 predecessores
1989 663 2089 706 pre-

521 722 742 775 ceptores,
786 719 969 762 nomine
993 762 995 765 ,
1016 719 1134 763 dicte
1160 720 1339 769 domuS,
1369 721 1544 776 absque
1571 720 1694 762 omni
1722 719 2088 775 interpellatione

521 793 563 832 et
608 789 961 833 contradictione
1009 790 1077 833 nsi
1124 793 1230 833 sunt
1256 793 1301 832 et
1328 790 1524 838 fuerunt,
1557 794 1600 832 et
1644 791 1699 832 de
1729 790 1943 846 predictis
1983 794 2090 833 sunt
2141 806 2156 813 ¹>

519 861 568 902 in
593 860 879 916 possessione
914 874 994 903 seu
1021 861 1167 916 quasi,
1212 865 1256 904 et
1283 861 1418 903 etiam
1449 862 1581 915 longo
1636 863 1838 916 tempore
1877 860 2090 916 predictis

518 930 908 987 jurisdictionibus
956 932 1023 974 usi
1052 931 1235 974 fuerunt
1285 934 1329 974 et
1356 934 1559 979 utuntur,
1615 932 1996 988 quandocumque
2045 935 2091 975 et

519 1001 933 1058 quocienscumque
981 1016 1113 1045 casus
1141 1016 1189 1045 se
1216 1002 1365 1050 offert,
1398 1002 1444 1043 in
1470 1002 1683 1044 civilibus
1705 1002 2020 1057 cognoscendo
2045 1005 2092 1046 et
2111 1013 2145 1030 θ

520 1071 808 1121 diffiniendo,
839 1076 883 1115 et
909 1073 956 1114 in
983 1072 1296 1115 criminalibus
1322 1073 1633 1115 malefactores
1655 1073 1892 1128 capiendo,
1915 1075 1960 1115 et
1983 1086 2089 1116 cum
2155 1126 2159 1131 ι

521 1142 587 1185 eis
634 1142 922 1199 inquirendo,
953 1143 1232 1185 absolvendo
1261 1147 1305 1185 et
1355 1144 1748 1199 condempnando,
1781 1145 1823 1185 et
1857 1143 1993 1186 oliam
2015 1157 2090 1186 re-

521 1212 759 1262 mittendo;
1392 1212 1396 1217 ’

580 1284 648 1327 Ex
673 1278 883 1333 adverso,
915 1284 1133 1340 magister
1177 1287 1454 1329 Bertrandus
1482 1286 1651 1328 Mathei
1678 1286 1734 1328 de
1762 1272 1951 1342 Bosigis,
1984 1300 2088 1342 prc-

519 1358 698 1397 curator
722 1355 960 1398 reverendi
1013 1356 1159 1411 patris
1187 1356 1234 1398 in
1261 1356 1438 1399 Christo
1488 1356 1660 1399 domini
1689 1356 1962 1411 Berengarii,
2009 1356 2091 1399 Dei
2126 1372 2129 1381 ¹
2154 1367 2158 1371 ’

518 1425 666 1480 gratia
691 1426 1029 1481 Magalonensis
1057 1426 1274 1482 episcopi,
1306 1427 1485 1470 dicebat
1511 1430 1554 1469 et
1580 1427 1814 1469 asserebat
1839 1427 1960 1482 quod
1987 1440 2092 1483 prc—
2148 1435 2152 1437 “

519 1495 692 1539 dictum
718 1496 997 1540 territorium
1026 1511 1107 1540 seu
1136 1501 1450 1540 tenementum
1477 1498 1532 1539 de
1561 1498 1784 1546 Launaco,
1833 1511 1972 1554 super
1997 1511 2088 1554 quo

518 1565 638 1608 inter
663 1580 739 1610 eos
767 1567 976 1616 vertitur,
1002 1568 1138 1624 quod,
1165 1571 1297 1624 prout.
1336 1568 1491 1611 existit
1540 1567 1728 1610 inferius
1754 1568 2088 1611 confrontatum
2131 1598 2134 1601 -

520 1638 566 1679 et
590 1636 852 1686 limitatum,
902 1638 1037 1694 pleno
1062 1637 1176 1694 jure,
1231 1641 1456 1696 quantum
1483 1639 1541 1681 ad
1587 1652 1766 1681 merum
1793 1641 1839 1680 et
1888 1638 2087 1681 mixtum
2137 1634 2177 1702 '3'

519 1706 766 1764 imperium
794 1711 837 1750 et
863 1709 1176 1752 omnimodam
1202 1709 1586 1765 jurisdiccionem‚
1617 1711 1790 1765 spectat
1810 1712 1855 1751 et
1882 1712 2087 1764 spectare
2159 1715 2174 1765 f

517 1778 654 1822 debet
673 1779 732 1822 ad
758 1779 997 1822 dominum
1025 1779 1290 1836 episcopum
1317 1781 1700 1835 Magaloneusem,
1741 1779 1917 1823 ratione
1945 1783 1990 1822 et
2015 1793 2088 1823 oc-

516 1849 697 1892 casione
724 1850 1048 1893 dominationis
1076 1853 1119 1892 et
1143 1850 1475 1907 jurisdiccionis
1502 1851 1637 1894 castri
1665 1852 1720 1893 de
1751 1850 1930 1906 Gijano:
2150 1837 2171 1909 ζ

577 1920 640 1962 De
667 1920 896 1976 predictis,
928 1921 1097 1963 scilicet
1124 1923 1235 1964 meri
1264 1925 1308 1963 et
1333 1923 1464 1963 mixti
1495 1922 1688 1977 imperii,
1720 1924 1764 1963 ct
1789 1922 1978 1964 alterius
2019 1921 2089 1977 jr-
2156 1939 2165 1949 ·

513 1989 792 2033 risdiccionis
820 1991 1083 2034 omnimode
1111 2005 1220 2034 usus
1249 1996 1317 2035 est
1345 1995 1469 2034 tanto
1510 1996 1728 2048 tempore,
1754 1992 1801 2034 in
1827 1991 1954 2048 cujus
1981 2005 2086 2034 con·

470 2106 479 2114 ‚
516 2060 708 2103 trarium
734 2062 958 2105 memoria
1004 2076 1093 2104 non
1122 2063 1293 2111 existit,
1321 2067 1408 2105 tam
1439 2049 1536 2120 ipse
1581 2076 1720 2118 quam
1747 2062 1817 2105 sui
1855 2063 2092 2118 predeces-
2126 2081 2131 2087 ·

515 2144 655 2181 sores;
686 2134 730 2174 et
756 2135 849 2175 tam
896 2133 992 2188 ipse
1019 2146 1158 2190 quam
1188 2134 1258 2176 sui
1286 2135 1631 2189 predecessores
1682 2136 1788 2176 sunt
1813 2138 1859 2176 et
1903 2133 2086 2176 fuerunt

513 2203 564 2244 in
583 2197 874 2258 possessione
902 2217 982 2246 seu
1010 2205 1140 2260 quasi
1187 2205 1426 2247 exercendi
1449 2193 1769 2247 omnimodam
1817 2203 2089 2260 jurisdictio-
2121 2210 2157 2250 J:

514 2286 637 2322 nem,
668 2274 715 2316 in
734 2274 946 2318 civilibus
968 2272 1048 2318 seu
1074 2276 1388 2319 criminalibus
1414 2276 1579 2324 causis,
1605 2276 1777 2318 ratione
1804 2275 1914 2318 dicti
1952 2275 2087 2318 castri
2124 2296 2142 2334 '.

514 2344 562 2385 in
588 2345 803 2388 omnihus
849 2345 1234 2403 delinquentibus,
1267 2350 1310 2389 et
1360 2347 1646 2404 questionem
1701 2360 1777 2388 scu
1826 2347 2089 2403 questiones

515 2414 664 2470 (mehe
677 2415 850 2458 d'encre
867 2417 890 2457 1
913 2419 1048 2470 cent.)
1067 2418 1265 2466 entibus,
1285 2417 1332 2459 in
1350 2417 1572 2460 territorio
1594 2417 1785 2460 inferius
1805 2417 2086 2460 conl'rontato
2122 2413 2143 2474 j‘

513 2487 558 2527 et
584 2486 836 2541 designato,
870 2490 914 2530 et
942 2502 1022 2543 per
1046 2488 1246 2543 judicem
1275 2502 1409 2531 suum
1438 2502 1517 2530 seu
1547 2502 1627 2544 per
1653 2488 1810 2535 alium,
1842 2489 1898 2529 de
1952 2501 2085 2530 man-
2115 2491 2123 2524 ί

514 2555 620 2598 dato
646 2557 803 2611 ipsius,
833 2558 1150 2614 delinquentes
1197 2559 1242 2600 in
1272 2559 1473 2614 predicto
1497 2558 1718 2601 territorio
1768 2558 2082 2614 capiebantur,
2113 2603 2115 2607 Α

514 2626 860 2669 adducebantur
882 2641 962 2670 seu
989 2629 1154 2671 adduci
1206 2629 1589 2684 precipiebantur,
1622 2632 1667 2671 et
1692 2629 1888 2672 cumeis
1938 2626 2110 2685 inqui?

513 2697 714 2744 rebatur,
748 2701 807 2746 et,
837 2698 1133 2753 inquisitione
1161 2699 1292 2742 faeta.
1325 2690 1670 2754 procedebatur,
1700 2699 1984 2742 absolvendo
2011 2699 2084 2742 vel
2139 2696 2141 2746 ]

513 2767 909 2823 condempnando,
930 2770 1328 2825 quandocumque
1355 2783 1486 2812 casus
1508 2769 1738 2815 occurrere
1763 2770 2020 2814 videbatur.
2102 2815 2112 2823 ,

579 2838 838 2880 Predictum
891 2853 999 2880 vero
1026 2840 1298 2881 territorium
1348 2854 1427 2881 seu
1479 2842 1791 2883 tenementum
1845 2840 1951 2883 ville
2001 2853 2107 2893 seu-

1761 2948 1772 2980 !
