2040 3404
795 306 960 354 -737
998 335 1044 341 ——

136 415 341 459 indebite
397 417 466 458 vel
494 417 657 473 injuste
699 418 784 463 eibi
823 418 1108 474 applicando,
1141 419 1211 462 vel
1250 420 1361 462 alias
1407 415 1689 477 dissipando,

140 485 259 544 {nisi}
283 502 362 542 per
392 488 722 530 ordinationem
749 489 960 537 defuncti,
992 503 1043 532 eo
1072 493 1270 546 tempore
1299 505 1387 546 quo
1417 492 1614 541 vivebat,
1639 495 1684 535 et

141 557 187 599 in
214 571 297 600 sua
340 571 450 601 sana
478 559 696 601 memoria
722 559 959 608 existebat,
990 560 1076 603 sibi
1128 560 1294 603 fuerint
1321 576 1400 617 pro
1428 576 1508 604 suo
1536 551 1688 606 debito

133 628 382 684 assignata,
437 629 524 677 vel,
555 642 611 671 cx
640 630 865 673 voluntate
905 631 1104 674 defuncti
1132 645 1362 688 expressa,
1394 633 1519 675 alteri
1549 634 1690 676 credi-

137 699 222 743 tori
250 713 329 755 per
353 699 450 755 ejus
472 700 774 743 ministerium
800 702 1089 756 assignanda

196 771 296 813 {llos
323 771 460 814 etiam
512 774 862 826 transgessores
891 773 1078 828 predicti
1106 774 1265 815 statuti
1312 774 1611 823 declaramus,
1642 780 1687 818 et
1720 831 1722 833 Ι

136 855 301 897 penam
329 843 554 884 incurrere
581 846 856 887 annotatam.
901 843 978 898 qui
1006 844 1197 886 scienter
1223 848 1266 885 et
1295 845 1520 887 maliciose
1547 845 1690 901 impe-

137 912 286 956 dirent
310 926 365 955 ne
394 913 696 968 predictorum
725 914 1039 956 canonicorum
1083 915 1396 956 decedentium
1425 917 1577 958 debita
1605 917 1691 959 sol-

134 986 360 1032 verentur;
1612 1001 1615 1004 ·

193 1054 296 1096 Illos
323 1054 458 1096 etiam
486 1053 563 1110 qui
603 1057 892 1109 procurarent
919 1055 1110 1097 scienter
1135 1059 1180 1098 et
1209 1056 1450 1099 maliciose.
1501 1058 1686 1112 publice

132 1124 207 1166 vel
233 1124 420 1172 occulte,
458 1139 511 1167 ne
541 1124 642 1166 libri
688 1125 1002 1167 decedentium
1029 1127 1358 1173 canonicorum,
1389 1128 1556 1170 scilicet
1608 1128 1688 1184 qui

133 1199 390 1251 superesset
417 1196 489 1238 vel
539 1199 843 1250 superessent,
875 1197 1042 1239 solutis*
1060 1197 1235 1239 debitis·
1273 1199 1552 1246 eorumdem,
1595 1198 1689 1255 juri·

130 1266 324 1322 Capituli
362 1265 691 1321 Magalonensis
730 1267 1075 1322 applicarentur,
1120 1282 1201 1323 pro
1241 1269 1452 1311 thesauro
1490 1269 1685 1313 Ecclesia

127 1337 425 1380 conservandi
445 1337 492 1379 in
511 1337 705 1379 armario
733 1337 805 1378 vel
832 1337 877 1379 in
903 1338 1096 1380 claustro
1134 1339 1397 1393 Magalona,
1416 1339 1500 1382 nisi
1530 1342 1689 1383 tamen·

130 1421 187 1450 ex
213 1421 350 1450 causa
376 1407 630 1451 rationabili
658 1410 700 1449 et
723 1408 927 1455 honesta.
958 1408 1012 1450 de
1040 1408 1152 1464 ipsis
1178 1409 1305 1451 libris
1330 1423 1410 1465 per
1442 1409 1682 1467 collegium

128 1478 328 1534 priorum
351 1477 680 1533 Magalonensis
707 1477 915 1533 Capituli,
936 1492 1027 1521 una
1050 1492 1154 1522 cum
1181 1479 1428 1535 preposito,
1458 1480 1681 1524 archidia-¹

121 1562 238 1592 cono
265 1551 310 1592 et
359 1548 545 1592 sacrista
570 1548 775 1604 ejusdem
828 1548 1038 1597 Ecclesia,
1069 1550 1202 1592 aliter
1243 1549 1377 1592 fuerit
1402 1551 1674 1599 ordinatum=

125 1621 199 1663 vel
224 1620 522 1676 imposterum
550 1632 629 1675 per
655 1619 877 1674 predictos
899 1633 1028 1662 secus
1055 1620 1335 1675 cont-ingeret
1353 1620 1569 1664 ordinari.

185 1691 232 1734 Si
259 1704 366 1734 vero
393 1691 440 1733 in
466 1690 665 1746 predicto
692 1692 876 1739 statuto,
900 1691 973 1732 vel
1000 1690 1122 1734 alibi.
1178 1704 1260 1746 per
1273 1691 1498 1747 prefatum
1520 1691 1677 1749 prede·

120 1776 347 1807 cessorem
397 1765 618 1807 nostrum,
648 1761 720 1802 vel
747 1760 858 1803 alies
898 1761 1238 1816 predecessores
1283 1765 1469 1812 nostros,
1525 1762 1686 1819 alique'

123 1835 208 1878 alie
235 1832 544 1889 suspensionis
571 1832 642 1874 vel
671 1831 1149 1874 excommunicationis
1188 1833 1407 1874 sentmtie
1427 1833 1662 1889 generales

121 1907 227 1953 late.
257 1918 337 1948 seu
367 1902 643 1960 promulgate
673 1901 811 1944 tuisse
832 1905 1093 1957 appareant,
1130 1915 1188 1944 ex
1207 1915 1494 1960 quacumque
1515 1916 1671 1951 causa,

121 1980 275 2020 contra
299 1974 641 2030 Magalonenses
662 1973 899 2015 canonicos
921 1973 1162 2027 regulares,
1188 1973 1466 2021 claustrales,
1484 1974 1673 2029 priores,
1691 1975 1694 1984 '

121 2048 196 2092 vel
221 2045 526 2093 beneficiatos,
551 2044 651 2086 illas
674 2044 730 2086 ad
754 2043 1078 2100 requistionem
1099 2043 1241 2099 ipsius
1257 2044 1464 2100 Capituli,
1492 2045 1674 2100 penitus

119 2131 401 2165 revocamus;

177 2191 321 2236 Illam,
350 2200 488 2242 quam
516 2199 654 2241 supra
680 2185 1004 2241 expressimus,
1034 2198 1134 2227 eum
1166 2185 1474 2228 moderamine
1508 2199 1559 2229 ac
1592 2189 1672 2228 de«

116 2260 383 2308 liberatione
412 2257 641 2313 predictis,
672 2256 935 2299 auctoritate
963 2256 1205 2310 episcopali
1233 2260 1277 2298 et
1297 2256 1522 2299 ordinaria
1565 2269 1672 2300 con-

116 2334 372 2377 firmamus.
406 2329 602 2371 instante
625 2331 668 2369 et
695 2327 871 2368 volente
902 2330 990 2368 toto
1037 2326 1208 2380 pretato
1235 2327 1434 2381 generali
1462 2327 1668 2383 Capitulo

117 2409 161 2448 et
191 2402 388 2459 predicta
414 2400 564 2441 omnia
581 2398 874 2453 approbante.

176 2476 287 2516 Azata
313 2474 418 2512 sunt
437 2470 519 2512 hec
545 2469 663 2524 apud
695 2467 993 2523 Magalonam,
1019 2466 1061 2508 in
1088 2467 1291 2522 Capitulo
1311 2467 1537 2510 claustrali
1559 2468 1668 2525 ipsi-

115 2560 168 2588 us
196 2542 402 2586 lindesie,
423 2554 540 2582 anno
563 2543 606 2580 et
633 2539 704 2581 (lie
727 2539 892 2593 quilius
916 2552 1052 2593 supra
1071 2537 1116 2578 in
1140 2538 1366 2592 presentia
1397 2541 1442 2579 et.
1463 2539 1661 2583 testimo-

115 2629 190 2658 mo
217 2612 388 2655 domini
410 2610 635 2652 (luillelmi
659 2612 712 2651 de
736 2610 863 2650 Ulmo
887 2608 1068 2649 rectoris
1090 2607 1273 2650 ecclesie
1297 2609 1446 2651 Sancti
1462 2608 1656 2653 Geraldi.

113 2684 304 2728 diocesis
333 2681 623 2725 Lodnvensis,
658 2679 896 2721 l’asclionis
923 2677 1069 2719 clerici
1097 2678 1329 2720 familiaris
1358 2678 1462 2721 dicti
1489 2679 1664 2722 domini.

114 2754 310 2812 episcopi
340 2751 687 2806 Magalonensis,
708 2753 751 2791 et
781 2749 865 2790 miri
896 2748 1054 2790 notarii
1077 2747 1360 2804 infrascripti.

172 2895 271 2938 Post
303 2879 404 2934 hec
429 2891 735 2938 incontinenti,
792 2903 924 2936 anno,
980 2888 1050 2930 die
1080 2892 1123 2931 et
1174 2889 1269 2931 loco
1296 2889 1461 2946 quibus
1505 2904 1658 2946 supra.

114 2967 233 3009 idem
261 2964 473 3006 dominus
501 2962 790 3009 Caueelnius,
823 2960 1063 3015 episcopus
1085 2959 1327 3015 predictus.
1358 2963 1403 3000 et
1452 2960 1664 3004 dominus

277 3046 371 3078 Cart.
390 3045 434 3076 de
453 3045 543 3084 Mag.
566 3044 604 3077 Τ.
626 3042 672 3075 111
1393 3041 1436 3077 93
