2040 3404
718 136 965 180 —523-

68 246 293 290 Bricciaco
319 259 420 288 cum
450 248 541 288 toto
568 243 664 299 ejus
691 243 896 286 districtu
923 246 966 285 et
992 246 1322 299 pertenemenli
1349 250 1465 306 (sic),
1513 268 1616 299 cum

72 319 353 360 sacramento
378 315 610 358 fidelitatis
638 317 682 356 et
707 314 930 369 homagio.

130 389 242 431 Item
269 387 430 431 eodem
457 386 590 429 niodo
641 388 772 427 teneo
807 399 833 428 a
882 385 999 429 dicto
1049 387 1355 444 Magalonensi
1407 397 1616 455 episeopo

70 459 257 502 feudum
283 457 416 501 castri
437 458 491 500 de
521 456 804 511 Sobeyracio.

129 529 346 573 Redditus
373 542 480 570 vero
507 527 728 569 dictorum
757 527 954 586 locorum
982 529 1036 571 de
1064 529 1303 576 Cassiliaco
1330 538 1372 576 et
1398 536 1453 579 de
1498 539 1617 584 Bric-

67 601 202 647 ciaco,
233 613 346 657 quos
372 599 607 642 annuatim
637 598 696 639 ibi
719 598 931 653 percipio,
963 601 1135 643 extimo
1166 616 1308 659 usque
1329 606 1386 648 ad
1413 609 1616 655 valorem

68 671 100 714 C
120 671 354 714 librarum.

126 742 178 785 Et
202 742 290 785 ista
312 742 394 784 tria
422 741 516 784 loca
543 741 703 783 ultima
728 740 872 783 dictus
894 742 1106 786 dominus
1127 745 1379 802 episcopus,
1412 753 1460 792 ut
1503 753 1618 796 dici-

68 815 156 860 tur,
186 816 309 856 tenet
330 813 376 854 in
403 812 590 854 feudum
617 812 674 854 ab
701 811 897 854 Ecclesia
913 813 1129 856 Romana.

126 885 222 936 Qua
236 883 393 926 sedula
408 883 502 925 loca
519 882 727 934 (zlecta)
743 882 791 923 in
814 883 1049 937 presencia
1063 884 1284 930 dictorum
1308 890 1612 944 dominorum,

69 955 255 1012 predicti
300 954 470 997 domini
507 953 672 996 dictam
724 953 1088 1007 recognitionem,
1119 960 1375 1002 contentam
1408 961 1454 1004 in
1499 965 1621 1009 dicta

65 1027 237 1070 sedula.
265 1025 427 1068 factam
450 1038 529 1085 pei·
549 1024 716 1066 dictum
741 1023 976 1066 dominum
999 1025 1053 1066 dc
1082 1028 1312 1082 Agantico,
1332 1040 1611 1088 receperunt,

69 1097 197 1140 salvo
223 1096 320 1152 jurt¹
349 1095 519 1138 domini
548 1094 688 1137 nostri
733 1095 865 1149 regis:
899 1096 1177 1151 requirentes
1205 1099 1290 1154 ipsi
1318 1102 1489 1147 domini
1517 1121 1613 1162 pre-

68 1167 175 1210 dicti
202 1167 406 1222 deputati
434 1166 603 1207 dictum
627 1165 862 1207 dominum
910 1166 1013 1208 ville
1065 1169 1283 1224 Agantici,
1315 1173 1353 1215 si
1403 1175 1616 1222 dominus

72 1253 153 1281 rex
179 1238 316 1280 habet
343 1236 513 1278 talliam
542 1239 585 1276 et
611 1236 884 1278 cavalcatam
925 1236 968 1278 in
998 1238 1126 1281 dictis
1153 1242 1310 1286 castris
1337 1247 1381 1286 et
1408 1246 1517 1290 villa
1560 1250 1616 1293 de

74 1309 306 1364 Agantico.
337 1310 378 1350 et
407 1307 639 1353 Bricciaco,
672 1307 789 1348 etde
817 1308 1056 1351 Cassiliaco
1084 1312 1125 1351 et
1153 1311 1206 1353 de
1237 1312 1523 1370 Sobeyracio,

126 1380 207 1432 Qui
235 1379 380 1421 dictus
432 1378 642 1420 dominus
670 1378 873 1432 Agantici
924 1379 1037 1420 dixit
1065 1382 1186 1436 quod
1214 1396 1302 1426 non
1355 1387 1487 1431 sciret
1536 1405 1617 1435 nec

65 1463 265 1506 unquam
296 1449 421 1492 vidit.

130 1522 274 1563 Tenor
319 1533 426 1562 vero
454 1518 756 1566 instrumenti,
801 1520 986 1562 confecti
1011 1536 1089 1563 seu
1140 1524 1306 1580 scripti,
1338 1531 1387 1570 ut
1436 1530 1612 1582 dicitur,

68 1606 149 1649 per
174 1605 359 1634 manum
390 1590 616 1633 Valentini
644 1590 803 1633 notarii
860 1589 975 1649 se[u]
1007 1593 1249 1649 scriptoris,
1275 1611 1434 1654 ‘super
1481 1602 1616 1647 feudo

72 1663 272 1719 predicto
298 1662 522 1703 dictorum
549 1674 809 1703 mansorum
840 1661 894 1702 de
923 1662 1118 1705 Mollesis
1145 1665 1190 1706 in
1217 1667 1381 1710 effectu
1410 1672 1509 1715 talis
1531 1678 1612 1716 est:

128 1805 195 1847 Sit
222 1807 375 1846 notum
423 1803 688 1845 omnibus...
743 1804 863 1859 quod
891 1817 987 1858 ego,
1019 1806 1272 1852 Bernardus
1299 1811 1353 1853 dc
1393 1815 1612 1866 Andusia,

67 1876 184 1918 dono
210 1875 265 1917 ad
295 1874 479 1916 feudum
510 1874 604 1920 tibi,
640 1874 817 1921 vit-ruo,
849 1877 1050 1929 Agantici
1093 1879 1290 1922 domine.
1322 1886 1366 1924 ct
1393 1883 1487 1927 filio
1540 1891 1616 1930 tuo

67 1946 232 1989 Poncio
259 1945 394 1991 Petri,
427 1948 470 1987 et
497 1945 682 1986 domino
708 1946 784 2001 qui
815 1946 949 1987 fuerit
976 1948 1179 2002 Agantici
1209 1951 1330 1995 ville.
1356 1954 1614 2001 firmancias

66 2021 109 2059 et
135 2017 356 2071 albergas,
387 2019 430 2057 et
458 2017 719 2063 exercitum,
767 2020 810 2057 et
835 2030 993 2060 omnes
1013 2019 1228 2073 justicias,
1285 2027 1484 2080 exceptis
1534 2028 1613 2071 ho-

67 2087 276 2130 micidiis.
308 2087 449 2128 tocius
478 2086 582 2128 ville
611 2091 653 2128 et
683 2088 1009 2141 pertenemenli
1031 2090 1086 2131 de
1109 2091 1339 2142 Molleriis;
1365 2100 1407 2137 et
1429 2099 1610 2152 quando

69 2172 192 2200 meos
220 2158 443 2200 exercitus
479 2159 685 2203 movebo,
717 2158 754 2199 si
784 2158 911 2200 vonis
959 2161 1247 2209 mandavero,
1279 2164 1453 2208 dehetis
1481 2169 1616 2212 michi

69 2230 244 2271 mittere
273 2228 479 2270 homines
507 2228 712 2282 ejusdem
739 2229 860 2271 ville.

127 2300 217 2342 Hoc
244 2300 411 2341 donum
441 2299 606 2340 factum
638 2299 719 2341 suit
748 2300 791 2341 in
821 2303 1054 2355 presencia
1080 2307 1121 2344 et
1151 2305 1406 2350 testimonio
1449 2310 1616 2353 Gnido-

68 2371 136 2413 nis
157 2372 212 2412 de
239 2370 506 2426 CoveyracQ
555 2374 597 2412 et
649 2370 879 2412 Gaucelmi
915 2373 969 2413 de
1021 2373 1222 2423 Lunello,
1255 2380 1298 2418 et
1324 2379 1510 2422 Arnaldi
1560 2382 1615 2425 de

67 2440 347 2489 Montcalcio,
378 2445 421 2482 et
447 2441 623 2483 Frcdoli
661 2440 715 2482 de
745 2441 1134 2492 Moutedesiderm,
1165 2445 1381 2490 Bernardi
1419 2450 1474 2493 de
1502 2451 1618 2509 Eys-

66 2526 222 2558 sunas.
253 2514 296 2554 ct
324 2511 439 2553 Petri
468 2512 522 2553 dc
550 2512 722 2566 Ruppe,
748 2516 792 2554 et
836 2513 987 2555 Poncii
1014 2514 1068 2556 de
1096 2515 1318 2562 Gordone.
1350 2523 1394 2562 et
1421 2521 1532 2564 Bndi
1559 2524 1614 2566 de

69 2582 346 2628 Tornamira‚
377 2585 421 2624 et
446 2582 622 2624 Frcdoli
643 2583 698 2624 de
725 2583 857 2628 Roca,
882 2587 926 2626 et
954 2584 1069 2626 Petri
1097 2587 1151 2629 de
1183 2587 1396 2638 Olivcria,
1428 2596 1471 2634 et
1498 2594 1618 2636 Petri

70 2653 273 2707 Legonis‚
305 2655 347 2694 et
375 2653 602 2694 Guillelnii
634 2654 862 2701 Boi-nardi,
895 2658 937 2696 et
966 2656 1207 2699 Raimundi
1243 2660 1498 2705 Lombardi.

129 2723 260 2766 Facta
287 2727 355 2766 est
380 2726 502 2766 curia
529 2726 614 2766 ista
640 2728 768 2766 sexto
820 2725 1036 2769 kalendas
1063 2729 1230 2783 aprilis,
1281 2732 1390 2775 feria
1439 2737 1611 2790 quinta,

35 2810 40 2815 ·
70 2793 177 2836 luna
205 2794 364 2849 prima,
410 2808 528 2837 anno
555 2795 784 2838 Dominicn
833 2797 1156 2841 lucarnationis
1185 2801 1245 2842 Μ’·
1271 2804 1316 2843 C‘
1344 2808 1543 2859 septuag·
1562 2808 1619 2848 si-
