2205 3299
489 219 544 294 Ϊζκ
1147 251 1199 256 -
1232 225 1316 291 ¹90
1343 251 1398 256 “-

879 437 1175 482 nccxxxm.
1209 463 1261 469 --
1299 439 1352 480 21
1381 437 1528 493 juillet
1553 437 1667 481 1273

538 591 700 628 Vento
720 583 863 628 d’une
882 591 1188 639 manig-aiere
1210 591 1335 628 dans
1379 591 1559 638 Petang·
1579 591 1639 628 cle
1659 589 1910 637 Melgueil.

556 738 682 777 ‚anno
710 734 942 778 Dominice
993 734 1317 777 Incarnatiouis
1368 735 1412 777 M
1438 735 1491 776 ῐῐο
1542 733 1727 782 LXXIII,
1782 731 1951 775 scilieet
1975 731 2053 774 XII

490 806 707 848 kalendas
734 804 930 860 augusti,
951 818 1034 860 ego
1055 805 1386 853 Ermessendis,
1406 805 1503 847 filia
1522 805 1714 847 condam
1736 806 1782 846 et
1797 800 1933 846 heres
1951 802 2055 845 uni-

488 876 678 919 versalis
705 876 824 919 Petri
851 876 1089 919 Audiberti
1134 876 1433 933 peyssonerii,
1466 888 1672 931 uxorque
1723 872 2059 918 Michaelisde

488 946 643 1002 Capite
664 946 849 989 Villario
870 945 1024 1003 (blanc
1048 946 1103 989 de
1121 947 1152 988 4
1171 947 1309 1000 cent.)
1332 943 1520 989 consilio
1543 948 1587 987 et
1611 945 1845 988 voluntate
1871 956 2056 1000 expres·

489 1031 541 1061 sa
565 1017 672 1060 dicti
698 1017 944 1066 Michaelis,
975 1017 1126 1060 mariti
1153 1017 1259 1065 mei,
1291 1020 1335 1059 et
1372 1016 1555 1059 domine
1595 1015 1850 1062 Guillelme.
1896 1013 2055 1058 matris
2123 1035 2126 1037 ·

489 1098 606 1137 mee,
637 1088 793 1131 uxoris
819 1087 926 1131 dicti
965 1088 1157 1131 condam
1177 1087 1319 1143 patris
1356 1087 1461 1136 mei,
1492 1100 1574 1142 per
1601 1099 1673 1128 me
1700 1089 1745 1129 et
1769 1099 1851 1142 per
1892 1098 2054 1129 omnes

487 1171 628 1207 meos,
653 1159 774 1201 bona
799 1157 891 1200 fide
917 1157 1137 1207 adhibita,
1161 1157 1288 1200 omni
1309 1160 1464 1200 autem
1486 1157 1603 1199 dolo.
1630 1156 1790 1200 fraude
1819 1159 1863 1199 et
1885 1155 2055 1199 machi-
2156 1183 2159 1185 -

487 1229 670 1272 natione
697 1228 970 1278 carentibus;
1000 1231 1046 1271 et
1082 1228 1294 1277 exclusis,
1326 1228 1527 1284 explosis
1554 1231 1600 1272 et
1623 1227 1801 1284 rejectis
1839 1226 2055 1272 omnibus

491 1303 537 1343 et
562 1299 752 1356 singulis
778 1302 965 1356 propter
995 1312 1083 1355 que
1105 1312 1292 1355 presens
1318 1297 1519 1342 venditio
1546 1301 1590 1341 et
1614 1297 1901 1354 infrascripta
1925 1301 2058 1354 pacta

482 1370 686 1414 revocari
713 1369 810 1412 sive
838 1369 1071 1413 retractari
1097 1372 1286 1425 possent
1313 1369 1406 1411 ullo
1435 1371 1654 1424 ternpore,
1684 1368 1737 1411 in·
1775 1371 1953 1424 partem
1979 1368 2054 1412 vel
2128 1418 2133 1419 ⁷

484 1441 533 1483 in
557 1443 718 1488 totum,
734 1453 839 1482 cum
858 1439 943 1483 hac
962 1443 1086 1483 carta
1106 1439 1290 1495 publica
1309 1439 1648 1495 imperpetuum
1669 1440 1880 1486 valitura,
1904 1439 2054 1481 vendo
2135 1471 2138 1474 Α

484 1516 527 1555 el
557 1511 683 1553 titulo
710 1524 822 1566 pure
850 1524 901 1553 ac
927 1509 1125 1566 perfecte
1163 1510 1444 1554 venditionis
1471 1510 1543 1558 do,
1574 1510 1715 1553 trado.
1744 1510 1854 1552 cedo
1881 1513 1926 1553 et
1950 1523 2055 1553 con·
2113 1516 2136 1542 -“

486 1584 597 1626 cedo
623 1582 962 1637 imperpetuum
989 1581 1085 1629 tibi,
1117 1581 1241 1624 Bndo
1292 1581 1527 1624 Cathalani
1569 1580 1844 1636 jurisperito,
1875 1585 1920 1624 et
1944 1581 2050 1629 tuis,
2122 1611 2151 1629 ,

487 1655 546 1697 ad
571 1666 730 1697 omnes
750 1652 1062 1695 voluntates...
1088 1651 1343 1707 exceptis...
1369 1665 1471 1694 cum
1498 1651 1684 1694 consilio
1703 1654 1859 1694 tamen
1879 1651 2054 1695 domini
2124 1652 2130 1706 j

485 1722 819 1779 Magalonensis
870 1722 1085 1778 episcopi,
1117 1722 1293 1765 comitis
1345 1722 1550 1777 Melgorii
1576 1714 1639 1765 et
1664 1722 2048 1771 Montisferrandi,
2110 1727 2135 1742 ·’

483 1809 566 1851 pro
588 1793 830 1837 medietate
851 1793 1063 1842 indivisa;
1091 1795 1135 1836 et
1159 1793 1405 1836 Raimundi
1425 1794 1481 1835 de
1502 1793 1732 1848 Melgorio,
1753 1793 1838 1837 filii
1859 1794 2054 1837 condam
2114 1831 2124 1846 .-

486 1864 747 1922 Raymundi
768 1863 1010 1913 domicelli,
1034 1867 1079 1907 et
1105 1877 1307 1913 suorum,
1332 1877 1414 1919 pro
1433 1868 1596 1920 quarta
1615 1867 1741 1920 parte
1767 1864 1980 1916 i11divisa;
2010 1869 2055 1909 et
2112 1916 2115 1917 ⁷
2135 1864 2137 1866 ’

487 1935 702 1980 Beatricis
730 1937 774 1977 et
799 1935 1014 1983 Cathelle‚
1038 1934 1238 1977 filiarum
1258 1935 1452 1979 condam
1480 1935 1716 1978 Bertmndi
1753 1933 1810 1978 de
1836 1936 2053 1980 Blansaco
2129 1967 2135 1970 --

487 2006 660 2054 militis,
691 2008 736 2048 et
761 2018 963 2054 suorum,
988 2019 1069 2061 pro
1094 2005 1279 2047 residua
1304 2008 1467 2060 quarta
1492 2009 1633 2061 parte:
2118 2050 2119 2055 ,
2194 2059 2195 2062 Ἰ

549 2077 683 2119 Totas
699 2075 868 2119 scilicet
888 2075 1201 2130 maneguerias
1222 2078 1267 2117 et
1286 2075 1503 2118 ramerias
1525 2090 1638 2133 quas
1660 2077 1805 2120 habeo
1825 2077 1872 2119 in
1893 2081 2054 2135 stagno
2124 2086 2125 2089 ’
2193 2077 2196 2081 ’

484 2147 688 2202 Melgorii
724 2146 843 2189 inter
872 2146 1131 2189 morradam
1159 2149 1203 2188 et
1231 2147 1462 2202 puncham
1492 2147 1548 2189 de
1575 2147 1771 2191 Corcone
1799 2149 1875 2203 (=
1889 2149 2054 2193 Carno-

482 2220 575 2274 ne),
605 2220 650 2261 et
676 2217 798 2273 apud
825 2217 1044 2272 angulum
1072 2217 1128 2259 de
1148 2217 1291 2259 Junco
1324 2220 1368 2260 et
1395 2217 1451 2260 de
1473 2216 1638 2267 Morre,
1672 2219 1751 2261 sed
1773 2222 1818 2262 et
1841 2219 1888 2262 in
1908 2221 2055 2277 quali-

488 2290 566 2332 bet
591 2291 718 2345 parte
755 2288 900 2344 ipsius
941 2287 1135 2343 stangni;
1166 2291 1210 2330 et
1253 2289 1408 2331 omnia
1431 2288 1532 2344 jura
1555 2302 1644 2345 que
1671 2289 1835 2338 habeo,
1885 2291 2054 2334 habere

482 2372 670 2415 possum
697 2359 770 2401 vel
796 2359 956 2407 debeo,
988 2361 1033 2401 et
1060 2359 1196 2401 michi
1224 2359 1456 2414 pertinent
1482 2359 1528 2401 in
1554 2359 1674 2402 dicto
1701 2363 1876 2415 stagno:
2027 2410 2030 2413 Δ

543 2430 707 2477 Dictas,
750 2430 954 2484 inquam,
988 2442 1058 2471 res
1089 2429 1298 2485 venditas
1343 2429 1569 2472 constituo
1617 2444 1705 2479 me,
1736 2445 1816 2487 pro
1842 2434 1885 2474 te
1906 2435 1950 2474 et
1976 2435 2053 2476 tuo

484 2499 670 2542 nomine
696 2512 748 2542 ac
776 2499 998 2554 precario,
1043 2501 1197 2541 tenere
1243 2502 1288 2541 et
1314 2499 1561 2555 possidere,
1610 2514 1849 2557 quousque
1875 2505 1924 2544 tu
1973 2516 2051 2548 eas
2111 2506 2115 2510 ’

487 2569 780 2625 corporaliter
805 2569 1140 2624 apprehendas,
1172 2572 1217 2612 et
1244 2570 1477 2624 possidere
1504 2571 1678 2626 ceperis
1706 2585 1787 2626 per
1812 2575 1854 2615 te
1879 2572 2048 2629 ipsum;
2106 2573 2113 2626 ζ
2174 2577 2178 2632 ζ

485 2640 609 2696 quod
637 2639 864 2682 facturum
899 2642 940 2681 te
966 2640 1071 2682 volo
1098 2643 1176 2682 lua
1202 2640 1385 2695 propria
1411 2641 1696 2689 auctoritate,
1742 2643 1867 2686 nulla
1895 2657 2052 2699 poees-

483 2711 609 2753 sione
636 2709 757 2752 civili
784 2709 856 2751 vel
884 2709 1077 2751 naturali
1105 2723 1245 2765 penes
1275 2723 1346 2752 me
1374 2713 1651 2753 remanente.
2083 2707 2086 2758 ᾖ

541 2781 625 2823 Pro
669 2779 819 2835 precio
846 2782 998 2821 autem
1026 2779 1160 2835 hujus
1188 2781 1479 2830 venditionis,
1509 2781 1649 2823 habui
1676 2785 1721 2825 et
1760 2784 1908 2839 recepi
1952 2797 1981 2828 a
2006 2782 2095 2844 te*l
2136 2812 2141 2832 2
2169 2801 2171 2806 ·

478 2854 660 2893 centum
688 2850 825 2892 libras
854 2850 1191 2904 melgorienses.
1227 2864 1343 2906 quas
1396 2851 1533 2893 michi
1562 2865 1672 2894 vere
1701 2854 1954 2902 exsolvisti,
1986 2852 2059 2898 ita'
2103 2863 2105 2866 ’
