2107 3404
15 257 51 262 ”
703 292 756 298 —-
786 268 870 313 175
900 294 952 300 —

49 372 361 429 promittimus
407 372 583 422 iterato;
615 375 658 416 et
685 387 739 417 ea
782 374 920 430 J'urari
948 375 1141 419 facimus
1191 376 1236 419 in
1264 377 1462 421 animam
1510 393 1611 424 nes-

48 445 167 486 tram
192 430 281 499 ρθι(
298 443 515 486 dilectum
541 448 755 500 nepotem
808 450 1013 489 nostrum
1040 447 1337 490 Guillelmum
1381 449 1606 500 Falconis,

48 512 201 569 legum
228 514 458 558 doctorem
485 518 527 557 et
554 515 821 558 canonicum
849 517 1208 560 Narbonensem.

107 584 161 627 Et
205 597 287 628 nos
312 585 566 629 Guilelmus
610 585 822 628 Falconis
875 588 1118 643 predictus,
1149 588 1204 631 de
1258 589 1473 634 mandato
1501 590 1611 634 dicti

48 654 222 697 domini
241 655 459 712 episcopi,
490 659 535 698 et
561 656 607 698 in
635 656 732 712 ejus
754 658 972 700 animam.
1003 657 1210 714 juramus
1239 672 1319 715 per
1349 660 1431 703 hec
1458 665 1613 705 sancia

45 724 153 768 11110‘
178 725 258 768 Dei
309 726 559 781 evangelia,
592 727 713 782 quod
741 728 862 769 idem
909 728 1121 771 dominus
1150 730 1391 786 episcopus
1439 735 1479 774 et
1509 719 1608 787 ejus

46 809 329 840 successores
355 797 545 853 predicti
572 797 890 854 adimplebunt
920 799 1119 842 fideliter
1165 803 1203 842 et
1236 802 1485 845 801¹Yalj‘1nt
1510 817 1606 847 om-

45 867 124 910 nia
148 867 424 924 supradicta.

101 1009 155 1052 Et
182 1023 263 1053 nos
288 1010 495 1058 Jacobus,
526 1010 606 1052 Dei
631 1010 775 1066 gratia
801 1023 882 1053 rex
909 1012 1185 1066 Aragonum.
1225 1014 1541 1069 Majoricarum
1569 1021 1615 1059 et

43 1079 266 1129 Valentie,
295 1093 448 1124 comes
498 1081 776 1124 Barchinone
826 1085 869 1123 et
895 1082 1078 1136 Urgelli,
1110 1086 1151 1125 et
1181 1084 1394 1128 dominus
1424 1075 1637 1129 Montis-¹

41 1132 289 1208 pessulani,
321 1154 365 1194 et
390 1154 439 1194 ut
467 1151 679 1194 dominus
730 1151 1152 1208 Montispessulani,
1190 1155 1385 1198 scientes
1408 1160 1449 1198 et
1496 1172 1618 1200 reco-

40 1224 308 1277 gnoscentes
328 1235 426 1270 vos,
450 1222 622 1264 dictum
644 1222 926 1277 episcopum,
960 1224 1214 1266 secundum
1242 1227 1468 1281 predictas
1495 1229 1615 1271 ordi-

41 1292 275 1334 nationem
300 1294 345 1334 et
370 1292 739 1348 promissionem,
795 1293 961 1335 debere
990 1295 1093 1335 cudi
1121 1294 1268 1338 facere
1297 1300 1341 1339 et
1386 1297 1612 1349 fabricari,

40 1362 97 1405 de
124 1362 358 1405 voluntate
410 1365 564 1405 nostra
591 1365 812 1418 expressa
856 1367 900 1405 et
926 1377 1133 1413 assensu,
1167 1370 1397 1410 monetam
1445 1370 1616 1426 melgo-

42 1433 241 1476 riensem
262 1433 555 1481 antedictam,
580 1447 660 1489 pro
681 1434 913 1475 communi
941 1435 1136 1477 utilitate
1165 1439 1282 1479 terre
1310 1443 1461 1483 nostre
1488 1441 1615 1484 Mon-

38 1504 331 1560 tispessulani
358 1507 403 1546 et
437 1507 602 1552 vestre,
634 1507 684 1546 ut
723 1504 843 1546 dicta
887 1509 1085 1553 moneta,
1137 1509 1389 1551 secundum
1441 1511 1610 1554 dictam

39 1574 388 1623 ordinationem,
419 1575 582 1617 melius
609 1575 711 1617 cudi
757 1575 915 1630 possit,
948 1578 991 1618 et.
1018 1576 1073 1618 de
1119 1577 1209 1620 illis
1238 1579 1345 1621 IIII·¹r
1392 1581 1612 1632 denariis,

36 1659 151 1702 quos
177 1646 224 1687 in
248 1645 438 1702 singulis
461 1645 655 1688 marchis
682 1645 798 1687 dicte
828 1649 1008 1688 monete
1038 1648 1352 1703 melgoriensis
1392 1652 1613 1698 cudendis

37 1715 258 1760 debemus
284 1717 513 1773 percipere
541 1719 584 1758 et
612 1717 793 1763 habere.
821 1716 936 1759 duos
964 1717 1177 1762 denarios
1208 1722 1503 1773 remittimus,
1551 1725 1616 1768 ita

40 1787 165 1845 quod
190 1787 310 1830 solos
341 1787 458 1830 duos
488 1787 699 1830 denarios
726 1787 789 1829 ibi
812 1788 1134 1843 percipiamus,
1162 1791 1248 1833 uisi
1279 1791 1390 1836 forte
1411 1794 1483 1849 jus
1510 1810 1614 1839 nos-

32 1861 155 1901 trum
179 1861 225 1901 et
273 1858 500 1913 integrum
551 1858 622 1900 vel
650 1858 770 1900 ultra
820 1858 965 1900 dictos
1015 1860 1240 1916 denarios,
1272 1863 1367 1906 sine
1412 1865 1614 1922 dampno

38 1927 152 1984 legis
179 1931 224 1971 et
265 1929 479 1985 ponderis
499 1927 822 1985 predictcrum,
852 1929 1088 1972 commode
1117 1944 1198 1974 nos
1225 1946 1357 1988 posse
1384 1937 1617 1992 percipere

40 2002 281 2055 appareret
312 1999 358 2041 in
378 1998 600 2041 futurum.

98 2070 189 2112 Nos
215 2070 352 2112 etiam
378 2083 460 2113 rex
488 2069 730 2126 predictus,
774 2069 968 2112 scientes
995 2084 1078 2114 nos
1105 2075 1147 2114 et
1184 2087 1465 2120 successores
1511 2092 1615 2123 nos-

38 2142 146 2189 tros,
176 2140 383 2183 dominos
410 2140 828 2196 Montispessulaui,
858 2142 1007 2190 vobis,
1031 2143 1244 2200 episcopo
1274 2147 1490 2202 predicto,
1518 2153 1616 2194 tan-

38 2223 178 2267 quam
203 2210 580 2270 comiti‘Melgorii
601 2208 858 2269 [astrictos]
886 2214 980 2254 tam
1010 2225 1069 2255 ex
1090 2215 1378 2269 pactionibus
1417 2222 1613 2276 propriis

37 2294 186 2340 quarn
202 2282 575 2337 predecessorum
604 2283 877 2329 nostrorum,
929 2282 1218 2327 dominorum
1283 2287 1613 2345 Montispessu-

37 2351 146 2400 lani,
175 2352 283 2394 olim
331 2351 459 2394 factis
485 2364 590 2394 cum
639 2351 882 2394 comitibus
926 2352 1130 2407 Melgorii
1169 2368 1220 2397 ac
1258 2359 1508 2409 vobiscum,
1564 2362 1614 2405 ut

40 2426 270 2465 monetam
320 2422 670 2476 melgoriensem
698 2425 790 2464 tam
837 2422 882 2463 in
927 2423 1343 2479 Montepessulano,
1374 2444 1513 2487 quam
1565 2435 1612 2478 in

39 2495 133 2536 tota
157 2492 254 2548 ejus
281 2493 589 2535 dominatione
611 2506 788 2534 currere
810 2495 853 2534 et
881 2493 1018 2548 recipi
1041 2498 1344 2541 communiter
1369 2500 1606 2554 faciamus,

36 2564 342 2619 promittimus
372 2563 500 2605 vobis
529 2563 757 2618 episcopo,
789 2563 910 2618 quod
943 2565 1146 2619 quandiu
1175 2581 1254 2611 vos
1293 2573 1336 2613 et
1385 2586 1614 2618 successo-

0 2686 4 2691 >
39 2647 110 2677 res
138 2634 291 2681 vestri,
333 2634 521 2676 comites
547 2633 766 2688 Melgorii,
799 2635 1091 2678 servaveritis
1121 2638 1247 2682 nobis
1269 2644 1313 2683 et
1341 2649 1613 2691 successori-

39 2705 125 2747 bus
151 2704 335 2752 nostris,
380 2704 579 2746 dominis
622 2703 1043 2758 Montispessulani‚
1075 2720 1214 2763 supra
1262 2724 1345 2766 per
1370 2727 1450 2757 vos
1478 2718 1614 2762 nobis

0 2778 4 2783 ’
39 2774 278 2830 promissa,
297 2776 391 2817 tam
412 2774 581 2816 dictam
602 2776 833 2816 monetam
860 2775 1117 2819 cudendam
1137 2778 1235 2834 lege
1263 2786 1307 2823 et
1332 2787 1612 2838 ponderibus

0 2831 372 2900 sssupraecriptis,
402 2857 543 2900 quam
570 2843 707 2886 etiam
751 2845 1033 2900 temporibus
1061 2848 1285 2902 prioribus
1329 2853 1608 2905 salu-Icamm,

0 2915 15 2948 ἵ.
41 2913 91 2956 in
115 2914 514 2970 Montepessulauo
564 2917 609 2957 et
637 2917 730 2957 tota
778 2913 875 2969 ejus
903 2915 1211 2963 dominatione
1240 2922 1287 2965 in
1341 2931 1614 2982 pcrpctuum
