2205 3299
1188 197 1230 201 -
1260 171 1346 213 34ss
1376 199 1425 204 --

523 281 568 320 et
595 276 737 320 eciam
782 276 1123 325 confirmamus
1150 278 1447 328 remittentes,
1478 279 1772 324 concedentes
1817 283 1862 324 et
1893 282 2083 327 omnino

521 347 781 395 liberantes,
813 361 894 403 per
915 341 994 390 nos
1028 350 1073 390 et
1098 361 1180 403 per
1216 361 1376 407 omnes
1426 363 1707 394 successores
1735 353 1912 395 nostros
1957 351 2081 408 epis-

518 431 655 473 copos
683 417 1042 473 Magaloncnses,
1074 418 1260 461 comites
1289 419 1488 475 Melgorii
1515 424 1561 464 et
1580 421 1790 464 dominos
1821 421 2080 468 Montisfer-

519 489 664 535 randi,
703 488 779 530 tibi
809 488 926 533 dicto
953 488 1194 531 Guillelmo
1220 490 1403 544 Augerii
1431 494 1475 533 et
1502 491 1605 540 tuis,
1636 492 1982 536 omneomnino
2002 491 2077 548 jus

517 564 562 603 et
587 573 746 603 omncs
784 559 1002 608 acciones,
1036 558 1279 614 peticiones
1306 561 1450 604 reales
1471 564 1515 604 et
1566 561 1840 617 personales,
1871 562 2006 605 utiles
2031 565 2077 605 et

520 631 688 673 directe
717 630 1020 685 (zdirectas),
1046 642 1333 686 quecumque
1360 616 1446 673 alie
1474 634 1518 673 et
1559 632 1946 675 demandamenta
1988 645 2077 688 quc

513 702 659 750 nobis,
691 701 763 744 vel
790 699 1126 743 successoribus
1158 700 1226 742 vel
1252 702 1613 745 antecessoribus
1643 703 1807 746 nostris
1848 707 2078 758 compete-

512 773 622 815 bant
649 772 721 814 vel
748 773 1003 826 competere
1054 773 1262 826 poterant
1290 771 1379 814 ullo
1431 773 1584 820 1no‹.lo;
1617 773 1687 815 vel
1717 787 1805 828 que
1850 786 1948 821 nos,
2003 773 2076 817 vel

508 843 651 886 nostri
677 854 957 885 successores
986 843 1029 882 et
1054 844 1361 884 antecessores
1391 843 1530 884 nostri
1557 842 1603 884 in
1648 843 1859 898 predictis
1888 856 2072 899 posses·
2116 897 2124 905 ⁴

515 901 736 961 sionibus,
768 926 847 969 per
868 915 909 954 te
939 912 983 954 in
1009 911 1212 953 alodium
1241 912 1451 960 venditis,
1479 913 1766 956 habebamus
1796 914 1869 956 vel
1905 914 2079 960 habri-c

511 988 792 1031 debebamus
820 983 911 1026 ullo
940 982 1074 1024 modo
1102 995 1246 1038 usque
1273 983 1329 1024 ad
1359 983 1474 1026 hanc
1500 984 1638 1033 diem,
1671 987 1720 1026 ut
1745 984 1956 1040 superius
1969 998 2077 1027 con-

513 1060 698 1103 tinetur.
1410 1110 1416 1116 θ
1965 1069 1970 1073 ·

566 1130 620 1172 Et
639 1128 694 1170 de
723 1125 936 1182 predictis
958 1123 1172 1166 omnibus
1193 1127 1238 1166 et
1263 1124 1468 1180 singulis,
1496 1139 1575 1180 per
1603 1128 1658 1174 te,
1691 1125 1927 1168 retroactis
1959 1129 2074 1168 tem—

509 1200 712 1258 poribus,
743 1195 941 1239 venditis
963 1195 1006 1235 in
1035 1194 1252 1243 alodium,
1285 1195 1413 1237 nobis
1441 1195 1572 1250 plene
1600 1199 1644 1238 et
1672 1196 1844 1252 integre
1895 1195 2074 1242 satisfe-

507 1272 621 1319 cisti,
653 1272 698 1313 et
723 1268 829 1311 inde
857 1280 939 1309 nos
968 1269 1176 1308 tenemus
1204 1279 1284 1321 per
1309 1268 1546 1308 contentos
1596 1270 1641 1309 et
1668 1280 1748 1322 per
1774 1267 1889 1310 bene
1918 1280 2076 1323 pacca-

507 1348 592 1392 tos;
612 1345 656 1385 et
675 1340 780 1382 inde
809 1342 850 1381 te
880 1340 923 1380 et
950 1339 1066 1385 tuos,
1098 1339 1142 1378 et
1168 1350 1239 1379 res
1266 1339 1366 1379 tuas
1394 1340 1438 1379 et
1469 1340 1665 1386 tuorum,
1693 1350 1773 1392 per
1800 1351 1883 1380 nos
1903 1341 1950 1396 et
1974 1351 2074 1380 suc-

511 1425 712 1458 cessores
735 1412 928 1457 nostros,
947 1407 1246 1456 absolvimus,
1266 1407 1514 1451 liberamus
1538 1411 1582 1450 et
1599 1408 1747 1455 ,eciam
1766 1409 2067 1464 acquitamus,

509 1486 740 1529 cassantes
791 1483 835 1523 et
860 1479 1131 1526 anullantes,
1164 1491 1244 1534 per
1271 1492 1352 1521 nos
1380 1481 1424 1521 et
1475 1492 1556 1534 per
1582 1492 1742 1521 omnes
1789 1490 2081 1522 successores>

508 1559 703 1600 nostros.
728 1551 884 1596 omnia
903 1549 992 1592 alia
1018 1549 1322 1602 instrumenta
1342 1552 1385 1591 ct
1411 1563 1570 1592 omnes
1601 1550 1714 1592 alias
1742 1549 2072 1604 recognitiones

506 1640 588 1684 per
613 1628 919 1669 antecessores
949 1623 1047 1662 tuos
1076 1619 1216 1671 iactas
1245 1633 1387 1675 usque
1415 1620 1473 1662 ad
1518 1620 1633 1662 hanc
1659 1622 1918 1675 presentem
1947 1620 2070 1663 diem

506 1693 869 1741 antecessoribus
898 1690 1079 1739 nostris;
1111 1693 1155 1732 et
1182 1703 1258 1732 eas
1312 1691 1480 1732 nullius
1509 1691 1679 1733 valoris
1707 1703 1806 1734 esse
1854 1691 2071 1734 volumus

507 1770 659 1825 preter
684 1766 818 1808 istam
863 1760 1230 1816 recognitionem,
1265 1761 1399 1804 modo
1450 1761 1506 1803 de
1535 1761 1734 1816 presenti
1759 1774 1841 1816 per
1866 1763 1909 1803 te
1937 1762 2069 1804 nobis
2113 1798 2119 1803 .
2175 1794 2178 1797 .

505 1840 691 1883 factam.

567 1910 737 1952 Horum
764 1905 970 1949 omnium
999 1906 1135 1946 testes
1174 1905 1287 1945 sunt
1313 1903 1525 1945 dominus
1552 1900 1819 1958 Radulphus
1867 1902 2070 1950 Savariri

507 1980 631 2037 prior
656 1977 840 2021 ecclesie
872 1977 1002 2018 Beate
1045 1964 1214 2032 [M'arie]
1243 1974 1298 2016 de
1326 1974 1484 2030 Aquis,
1521 1972 1735 2037 dominus
1785 1973 2069 2016 Raimundus

506 2053 563 2094 de
591 2049 775 2103 Soregio
804 2046 934 2089 miles
964 2045 1157 2088 vicarius
1184 2045 1403 2099 Melgorii‚
1433 2045 1626 2087 Jacobns
1666 2043 1807 2086 Soura
1832 2043 2062 2090 dIaconus,

506 2121 777 2166 Guillelmus
806 2117 1064 2163 Serraloris,
1096 2119 1140 2158 et
1190 2124 1272 2170 eg'o
1300 2116 1556 2158 Bernartius
1583 2115 1834 2163 Gaucelmi,
1867 2115 2068 2156 notarius

2187 171 2205 435 ἑ

506 2191 711 2248 Melgorii
732 2193 776 2232 et
803 2187 977 2231 Lunelli
997 2186 1222 2242 publicus,
1252 2186 1347 2242 qui,
1380 2186 1594 2229 mandato
1640 2185 1746 2228 dicti
1774 2185 1947 2228 domini
1974 2173 2067 2240 cpi-
2124 2216 2145 2227 „.

504 2264 628 2319 scopi
655 2265 699 2305 et
725 2263 880 2315 rogatu
909 2258 1016 2301 dicti
1043 2256 1272 2300 Guilleimi
1301 2257 1498 2311 Augerii,
1530 2256 1611 2298 hec
1636 2256 1791 2299 omnia
1817 2260 1862 2298 et
1887 2255 2067 2311 singula
2131 2296 2136 2298 a

504 2333 663 2389 scripsi
689 2334 729 2375 el
760 2331 889 2386 signo
919 2342 1018 2371 meo
1046 2328 1237 2383 signavi.

1387 2469 1483 2506 mog.
1509 2470 1546 2503 A,
1571 2467 1627 2498 roi.
1653 2467 1713 2498 254
1736 2458 1788 2500 rol
