2107 3404
728 251 898 295 -2-03
940 276 996 283 —

16 351 21 354 ’
71 369 210 401 voces
229 359 275 400 et
299 357 497 405 rationes
523 357 685 407 reales,
715 356 977 413 personales
1005 359 1050 400 et
1096 355 1279 401 mixtas,
1328 355 1578 400 ordinarias
1605 366 1646 406 ez

12 449 20 469 2
73 427 470 486 extraordinarias,
523 428 680 471 civiles
707 430 750 471 et
795 428 1030 484 pretorias‚
1085 427 1219 470 utiles
1260 431 1305 469 ct
1352 428 1557 475 directas,
1607 429 1651 469 et

17 527 39 564 ρ,
70 491 379 556 quascumqus
406 499 534 547 alias,
564 512 849 555 quecumque
878 502 923 541 et
951 511 1263 554 quascumque
1306 511 1393 552 (jue
1422 498 1558 539 miehi
1579 497 1651 540 vel

62 568 203 618 ‘meis,
232 568 482 625 inscriptis
535 569 771 612 mansibus
823 572 867 611 et
911 569 1071 611 ceteris
1121 581 1225 610 omn
1252 568 1333 610 inis
1384 570 1426 610 et
1462 568 1650 623 singulis

20 650 38 681 ·.
70 652 210 694 supra
234 653 262 682 a
283 653 357 682 me
390 639 473 682 tibi
499 640 618 682 dicto
648 640 833 682 nomine
878 639 1090 687 venditis,
1122 640 1385 694 compe-tunt
1412 642 1491 682 aut
1534 651 1651 682 eore-

72 713 226 766 petere
254 713 443 766 possunt
474 710 549 752 vel
577 711 759 758 debent,
792 711 953 755 habeo.
980 710 1146 753 habere
1203 722 1388 765 possum
1417 712 1461 752 et
1510 709 1654 751 debeo

18 774 30 835 j'
73 782 152 823 aut
176 779 303 823 visus
330 794 432 823 sum
459 781 625 823 habere
653 794 836 837 quoquo
866 781 1014 823 modo:

134 850 300 894 Volens
325 853 370 893 et
394 852 644 893 concedens
672 851 768 898 tibi,
799 851 918 893 dicto
947 852 1093 893 Petro.
1152 850 1332 892 nonime
1364 855 1467 906 'quo
1519 865 1585 905 sxa(
1610 863 1651 891 rr

19 909 22 914 ’
72 921 322 978 recipienti,
352 922 470 978 quod
500 922 555 964 de
595 921 808 978 predictis
834 922 1099 964 omnibns...
1135 927 1175 963 «t
1206 920 1394 976 s'nguls
1423 934 1449 963 a,
1474 934 1545 963 nit:
1579 921 1656 962 'exi

74 991 193 1034 dicto
220 995 402 1035 nomine
424 992 638 1041 venditis,
669 992 823 1034 valeas
845 991 999 1039 libere,
1031 991 1297 1034 auctoritate
1351 991 1534 1047 propria
1571 1004 1656 1046 pel·

73 1064 118 1104 te
145 1062 217 1104 vel
237 1075 318 1118 per
342 1063 484 1105 alium
511 1062 695 1105 nomine
721 1076 812 1119 quo
840 1075 981 1118 supra
1012 1061 1299 1117 corporalem
1341 1060 1658 1117 pocessionem

19 1146 26 1151 ·
62 1123 249 1188 'ingredi
275 1135 319 1174 et
345 1133 489 1176 eciam
515 1132 727 1188 adipisci;
759 1135 803 1175 et
830 1145 1073 1190 quousque
1100 1132 1249 1188 ipsam
1277 1132 1556 1188 corporalem
1583 1144 1661 1187 po-

75 1202 329 1246 cessionem
351 1203 544 1259 adeptus
574 1203 786 1251 tueris...,
806 1203 1029 1246 constituo
1056 1215 1128 1245 me
1150 1203 1251 1258 ipsa
1284 1202 1492 1246 omnia...
1523 1204 1660 1258 prote

72 1276 118 1317 et
145 1275 220 1316 tuo
243 1273 423 1335 nomine
450 1276 494 1316 et
519 1273 638 1316 dicto
659 1274 897 1316 consulatu
919 1273 1101 1321 habere,
1136 1275 1288 1315 tenere
1309 1286 1361 1316 ac
1383 1272 1533 1316 eciam
1561 1285 1661 1328 pre-

74 1343 194 1387 cario
221 1343 481 1400 possidere.

19 1469 24 1475 .
88 1444 93 1447 ,
136 1415 222 1458 Pro
247 1415 332 1463 hac
375 1417 531 1457 autem
558 1414 882 1457 venditione...
917 1427 1186 1470 recognosco
1215 1427 1286 1457 me
1314 1428 1342 1458 a
1367 1417 1409 1457 te
1438 1414 1558 1457 dicto
1586 1426 1665 1456 no—

27 1516 31 1518 >
75 1483 198 1527 mine
235 1484 450 1528 habuisse
501 1481 545 1527 et
570 1485 811 1540 recepisse,
845 1485 1031 1527 nomine
1071 1485 1222 1540 precii,
1273 1485 1582 1540 septingentas
1621 1498 1666 1538 Gt

68 1555 257 1615 triginta
305 1555 445 1598 libras
508 1556 850 1610 inelgorienses,
882 1556 930 1598 in
975 1555 1143 1612 quibus
1188 1556 1418 1602 renunclo.
1450 1568 1505 1597 ex
1545 1558 1666 1598 certa

70 1625 284 1685 sciencia,
315 1626 570 1681 exceptioni
599 1640 688 1668 non
728 1628 963 1668 numerate
995 1626 1261 1681 peccunie...
1294 1626 1420 1676 Quod
1463 1625 1666 1682 preclitm

23 1748 29 1752 .
75 1695 221 1739 fateor
246 1709 346 1739 csse
382 1696 556 1752 justum
577 1700 622 1739 et
647 1696 870 1752 amplum,
897 1699 941 1738 et
967 1697 1089 1752 quod
1110 1709 1137 1738 a
1164 1697 1345 1738 nemine
1374 1696 1462 1739 alio
1491 1699 1667 1738 lanium

22 1778 27 1782 ·
76 1766 280 1823 precium
305 1766 507 1809 invenire
535 1767 676 1822 potui,
720 1767 825 1809 licet
850 1767 1053 1823 perquiri
1094 1766 1276 1809 fecerim
1317 1766 1554 1821 diligenter
1588 1777 1669 1822 per

41 1848 45 1850 ·
75 1850 216 1894 quam
242 1837 464 1893 plurimas
492 1840 771 1893 personetas.

18 1910 25 1918 '
135 1908 306 1950 Verum
332 1908 368 1950 si
396 1921 514 1950 nunc
540 1908 646 1950 dicti
675 1908 822 1950 mansi
846 1911 890 1950 et
917 1910 1069 1950 cetera
1096 1907 1252 1950 omnia
1278 1920 1305 1950 a
1331 1920 1403 1949 me
1435 1906 1514 1949 tibi
1550 1906 1669 1960 dieto

27 1988 35 1994 ·
60 1977 262 2021 ‘nomine
289 1978 490 2027 vendita,
522 1967 624 2034 plus
651 1979 806 2022 valent
840 1978 959 2021 dicto
987 1979 1150 2034 precio,
1176 1979 1250 2020 vel
1276 1978 1426 2019 valere
1457 1977 1670 2030 videntur
1729 2000 1731 2002 -

30 2047 42 2090 J
77 2046 126 2090 in
151 2047 370 2097 futurum,
401 2049 514 2091 illud
541 2052 687 2092 totum
717 2052 1122 2106 quantumcunque
1166 2048 1221 2090 sit
1250 2049 1323 2090 vel
1353 2048 1499 2096 tuerit,
1531 2049 1669 2090 etiam

37 2144 41 2147 ·
77 2118 118 2162 si
142 2119 356 2162 exederet
400 2119 517 2162 ultra
539 2144 544 2147 -
566 2119 805 2162 dimidiam
831 2118 939 2175 justi
968 2119 1104 2174 precii
1131 2118 1229 2166 tibi,
1262 2119 1380 2160 dicto
1409 2119 1554 2165 Petro,
1588 2130 1666 2160 no‘

80 2188 209 2232 mine
261 2202 352 2245 quo
401 2203 540 2246 supra
588 2190 804 2246 presenti,
836 2190 1071 2245 stipulanti
1110 2192 1155 2231 et
1197 2189 1446 2244 recipienti,
1494 2189 1664 2231 dono...

78 2259 349 2326 promittens
376 2259 474 2308 tibi,
523 2260 641 2302 dicto
693 2262 841 2308 Petro,
891 2260 1076 2302 nomine
1121 2273 1212 2315 quo
1264 2272 1402 2314 supra
1451 2258 1664 2314 presenti,

36 2330 51 2382 -j
78 2329 314 2386 stipulanti
340 2333 384 2372 et
410 2330 658 2386 recipienti,
683 2331 806 2388 quod
851 2330 1101 2386 prescripta
1150 2330 1305 2371 omnia
1332 2333 1374 2371 et
1421 2329 1614 2383 singula,
1643 2341 1671 2370 a

37 2422 46 2442 .'
80 2412 154 2443 me
180 2400 262 2443 tibi
287 2400 406 2444 dicto
444 2401 628 2444 nomine
678 2401 881 2449 vendita,
912 2400 1076 2442 faciam
1105 2403 1162 2448 te,
1217 2400 1336 2442 dicto
1388 2412 1479 2441 non
1499 2398 1586 2442 ine.
1618 2401 1664 2441 ct

42 2505 47 2515 .
80 2483 162 2526 per
186 2473 244 2519 te,
275 2471 418 2513 dictos
446 2471 658 2513 consules
690 2474 734 2513 et
760 2471 1066 2518 consulatum,
1098 2473 1144 2512 et
1171 2470 1518 2512 universitatem
1547 2469 1672 2511 Mon-

48 2540 54 2546 ’
81 2539 388 2596 tispessulani‚
445 2541 628 2584 nomine
677 2541 812 2596 liujus
860 2540 1083 2596 presentis
1147 2539 1442 2588 venditionis,
1492 2552 1674 2595 semper

39 2616 55 2670 ζ
82 2609 264 2658 habere,
298 2610 354 2654 et'
379 2612 438 2653 ab
476 2612 601 2654 omni
628 2610 1016 2654 contradicente...
1071 2610 1170 2666 jure
1223 2610 1508 2659 deflendam,
1558 2610 1672 2652 meis

82 2680 278 2741 propriis
330 2682 604 2737 sumptibus,
638 2682 684 2723 in
733 2681 900 2737 judicio
946 2682 1156 2723 videlicet
1207 2681 1305 2723 sive
1352 2683 1494 2729 extra;
1547 2681 1672 2737 quod

45 2746 172 2807 {nisi
220 2750 431 2800 facerem,
462 2754 607 2794 totum
634 2753 886 2807 dampnum
930 2753 974 2793 et
1023 2764 1272 2807 gravamen
1298 2750 1420 2807 quod
1464 2750 1568 2792 inde
1609 2750 1672 2791 te-

83 2819 212 2870 neris,
252 2823 296 2863 et
321 2835 604 2877 expensas...
636 2822 751 2864 illud
779 2824 822 2864 et
850 2822 951 2864 illas
981 2821 1062 2863 tibi
1091 2822 1210 2864 dicto
1240 2821 1441 2868 nomine,
1484 2820 1674 2862 reddam

51 2919 64 2931 .-
88 2891 136 2934 et
154 2891 408 2941 restituam,
427 2894 472 2934 et
496 2892 602 2935 inde
631 2892 817 2935 credam
844 2892 939 2935 solo
967 2891 1164 2948 simplici
1190 2892 1444 2938 verbotuo,
1469 2893 1512 2932 ct
1533 2890 1671 2932 dicto-
