2164 3575
445 467 641 510 concedo
668 469 713 508 et
763 466 928 509 mando
956 465 1076 520 quod
1127 465 1330 521 ipsorum
1380 464 1715 520 possessionem
1766 463 1839 505 vel
1875 462 2007 519 quasi

443 537 638 580 nancisci
662 534 903 594 [posssitis]
927 535 1190 579 auctoritate
1212 535 1407 592 propria,
1438 549 1519 591 per
1539 548 1622 578 vos
1640 535 1711 578 vel
1739 547 1820 590 per
1844 533 2002 582 alium,

446 609 542 651 sine
571 621 673 651 mea
722 611 766 650 et
794 620 997 650 meorum
1048 606 1300 650 offensione
1321 606 1489 662 aliqua,
1543 606 1924 662 quandocumque
1963 607 2009 648 et

446 679 861 735 quocienscumque
905 677 1156 726 volueritis,
1188 680 1406 733 tanquam
1433 690 1569 719 verus
1596 676 1808 719 dominus
1835 677 1879 718 et
1904 689 2007 731 pro-

444 753 623 792 curator
647 750 694 791 in
720 762 816 791 rem
844 762 990 796 suam,
1021 762 1048 791 a
1075 761 1146 790 me
1173 749 1231 790 ad
1256 748 1342 789 hoc
1368 750 1412 790 et
1438 761 1576 803 super
1600 747 1686 789 hoc
1718 746 2004 811 constitutus,
2070 804 2075 806 μ

445 819 499 862 Et
518 820 699 862 interim
721 820 943 862 constituo
965 831 1053 868 me,
1085 832 1167 879 pro
1188 818 1318 861 vobis
1345 821 1390 861 et
1409 818 1594 861 nomine
1615 821 1766 860 vestro
1788 816 2005 873 precario,

447 894 597 933 tencre
625 892 669 933 et
689 891 871 938 habere,
899 879 1176 933 transfereris
1203 879 1248 931 et
1283 891 1596 944 transportans
1622 888 1834 937 totaliter,
1857 887 1906 930 in
1925 900 2008 930 vos

445 964 489 1004 et
514 964 689 1003 vestros
717 953 1028 1009 successores(
1045 973 1204 1003 veram
1254 959 1577 1016 proprietatem
1605 962 1650 1002 et
1687 971 1880 1002 vacuam
1906 971 2010 1014 pos·
2062 980 2063 983 =

447 1032 713 1080 sessionem,
744 1032 817 1074 vel
858 1031 1004 1088 quasi,
1035 1030 1242 1074 omnium
1270 1029 1478 1085 superius
1522 1021 1828 1078 venditorum,
1859 1041 1933 1072 me
1965 1030 2011 1071 et

449 1116 574 1145 meos
602 1102 768 1145 exinde
819 1102 1000 1157 penitus
1028 1101 1352 1148 disvestiendo‚
1383 1103 1428 1142 et
1477 1113 1559 1142 vos
1586 1102 1631 1141 et
1655 1102 1833 1143 vestros
1857 1099 2012 1142 inves-

445 1173 613 1215 tiendo.
1389 1219 1394 1223 ⁵
1938 1172 1940 1174 ’

506 1245 590 1285 Pro
617 1243 766 1298 precio
794 1246 946 1285 aulem
976 1242 1110 1297 hujus
1139 1245 1355 1297 perpetue
1385 1241 1681 1289 vcwulicionis,
1722 1240 1939 1283 cessionis
1966 1243 2012 1282 et

449 1313 879 1369 (lesamparacionis,
905 1326 986 1367 ege
1013 1313 1158 1354 dictus
1180 1312 1450 1355 Guillelmus
1473 1311 1693 1354 confiteor
1710 1309 1793 1369 [et]
1821 1311 1867 1370 in
1894 1311 2012 1353 veri-

449 1388 538 1428 tate
567 1397 834 1439 recognosco
887 1397 958 1426 me
987 1383 1159 1437 integre
1187 1384 1234 1424 in
1263 1385 1503 1425 numerata
1553 1382 1770 1438 peccunia
1795 1381 2010 1424 habuisse

399 1479 403 1482 ·
448 1459 491 1498 et
543 1455 767 1511 recepisse
795 1468 821 1497 a
847 1455 995 1502 vobis,
1026 1454 1144 1496 dicto
1195 1453 1381 1496 domino
1409 1453 1638 1508 episcopo,
1669 1455 1845 1508 septem
1885 1452 2012 1495 milia

447 1527 695 1569 solidorum
735 1525 1120 1580 melgoriensium,
1176 1525 1239 1567 ita
1265 1525 1385 1579 quod
1415 1525 1581 1567 exinde
1609 1537 1748 1579 penes
1799 1537 1880 1566 vos
1932 1523 2006 1565 vel

448 1600 623 1640 vestros
651 1611 742 1639 non
763 1596 983 1638 remansit
1032 1596 1206 1651 aliquid
1248 1596 1302 1638 ad
1358 1595 1647 1644 solvendun1;
1679 1595 1725 1636 iu
1775 1595 1942 1650 quibus
2064 1590 2069 1593 ²

448 1668 661 1712 renuncio
689 1667 951 1723 excepcioni
965 1702 971 1708 .
985 1701 1010 1708 ..

509 1740 556 1782 Si
577 1742 731 1782 autem
758 1752 844 1794 que
868 1737 1052 1780 vendita
1079 1740 1185 1780 sunt
1211 1737 1341 1780 vobis
1369 1751 1396 1780 a
1425 1740 1519 1785 me,'
1543 1737 1742 1792 amplius
1764 1736 1883 1779 dieto
1908 1750 2011 1792 pre-

449 1811 517 1854 cio
544 1811 712 1857 valent,
771 1812 914 1852 totum
940 1809 1053 1851 illud
1152 1809 1272 1851 dono
1324 1808 1454 1850 vobis
1582 1808 1851 1865 promittens
1877 1807 2010 1850 vobis

453 1882 853 1939 per-sollempnem
874 1883 918 1922 et
938 1880 1142 1922 validam
1163 1879 1520 1935 stipulationem,
1547 1879 1668 1934 quod
1691 1879 1864 1921 dictum
1885 1891 2014 1922 man-

449 1966 565 2001 sum,
596 1966 699 1995 eum
725 1952 938 1995 omnibus
966 1951 1255 2007 pertinenciis
1282 1953 1326 1993 et
1373 1950 1549 2005 juribus
1577 1950 1685 1998 suis,
1718 1949 1882 1992 faciam
1928 1964 2012 1993 vos

451 2027 495 2066 et
522 2027 697 2066 vestros
725 2036 1005 2066 successores
1035 2024 1200 2069 tenere,
1232 2022 1400 2064 hahere
1427 2024 1472 2063 et
1498 2021 1734 2076 possidere
1762 2020 1810 2062 in
1840 2035 1966 2077 pace.

509 2094 559 2137 Et
587 2094 624 2136 si
651 2094 698 2135 in
725 2094 843 2136 (licto
872 2106 1030 2136 manso
1058 2106 1137 2134 seu
1165 2093 1300 2134 rebus
1328 2105 1465 2147 supra
1492 2092 1705 2140 venditis,
1736 2095 1815 2134 aut
1852 2105 2009 2134 eorum

454 2166 525 2207 vel
576 2165 761 2207 alterius
790 2165 991 2220 ipsorum
1043 2163 1208 2205 intuitu
1237 2164 1309 2205 vel
1361 2162 1608 2210 occasione,
1642 2163 1687 2204 iu
1711 2163 1886 2221 judicio
1935 2164 2009 2206 vel
2042 2174 2047 2180 ·

450 2239 579 2278 extra
598 2235 818 2291 judicium
839 2248 989 2278 coram
1012 2234 1292 2290 quibuslibet
1314 2234 1534 2289 personis,
1563 2247 1701 2276 causa
1722 2247 1804 2283 seu
1831 2235 2010 2290 questio

450 2310 709 2349 moveretur
758 2310 912 2349 contra
939 2319 1021 2348 vos
1048 2306 1119 2348 vel
1148 2308 1323 2347 vestros
1375 2318 1670 2347 successores.
1703 2318 1784 2358 ego
1836 2305 2006 2353 statim,

445 2391 548 2420 cum
576 2378 688 2420 illud
715 2377 887 2420 scivero
914 2377 988 2419 vel
1015 2377 1246 2423 audivero,
1274 2390 1362 2417 non
1391 2379 1627 2431 expectata
1656 2376 2010 2419 denunciacione

445 2452 598 2491 vestra
626 2449 696 2491 vel
743 2452 1012 2496 vestrm-uim
1049 2448 1134 2495 vel,
1167 2447 1204 2489 si
1249 2447 1331 2489 hoc
1358 2447 1630 2502 ignorarem,
1661 2447 1900 2490 confestim
1951 2448 2010 2490 ad

452 2519 670 2574 simplum
723 2519 909 2566 dictum,
941 2532 1021 2560 scu
1049 2517 1349 2560 monicionem
1378 2520 1578 2560 vestram
1630 2519 1701 2560 vel
1755 2520 2008 2561 vestrorum

453 2603 780 2637 successorum,
812 2589 978 2632 iactam
1006 2603 1086 2644 per
1110 2588 1283 2630 litteras
1310 2581 1541 2643 simplices
1569 2589 1642 2631 vel
1680 2589 1913 2637 nuncium,
1944 2589 2009 2632 illi

439 2661 673 2716 questioni
703 2674 781 2702 seu
809 2674 942 2702 cause
973 2673 1042 2701 me
1070 2659 1276 2706 offeram,
1307 2662 1349 2699 et
1377 2660 1638 2713 ainparabo;
1679 2661 1722 2701 et
1749 2659 1852 2702 volo
1889 2659 2009 2716 quod

451 2732 536 2773 mei
593 2731 756 2773 faciant
783 2731 894 2772 illud
946 2731 1083 2776 idem:
1116 2732 1159 2770 el,
1209 2742 1393 2771 causam
1423 2729 1546 2771 illam
1592 2743 1669 2772 seu
1723 2731 2010 2785 questionem

447 2816 698 2858 persequar
725 2801 942 2857 expensis
972 2801 1084 2843 meis
1114 2800 1323 2855 propriis.
1356 2801 1500 2841 ‹lenz-e
1553 2801 1598 2841 in
1629 2801 1865 2857 principali
1892 2807 1936 2845 et
1956 2804 2022 2861 jn·

447 2873 706 2915 accessoriis
760 2872 953 2915 totaliter
980 2872 1038 2913 sit
1084 2871 1227 2918 finita;
1260 2873 1302 2911 et
1353 2871 1449 2915 hoe,
1480 2871 1697 2926 quociens
1747 2885 1883 2915 causa
1927 2887 2009 2916 seu

447 2943 624 2999 questio
656 2947 926 2985 moveretur.

510 3015 633 3065 Quod
665 3014 698 3055 si
731 3014 841 3055 forte
872 3015 1014 3055 lavore
1052 3013 1232 3061 nollem,
1263 3015 1339 3055 aut
1368 3012 1646 3066 negligenter
1674 3027 1745 3055 me
1773 3015 2004 3064 haberem,

846 3096 863 3111 N
