2107 3404
872 91 896 108 h

725 190 978 234 —103-

130 296 215 340 Rei
240 296 423 339 suerunt
450 299 584 339 testes
611 297 769 339 Petrus
796 296 928 345 Olivi,
983 297 1211 341 Johannes
1239 297 1433 348 Martini,
1463 302 1508 343 et
1532 313 1609 345 ma

71 368 213 422 gister
231 369 390 410 Petrus
411 367 586 415 vualis,
611 368 844 424 quondam
867 368 1074 423 publicus
1102 369 1273 411 domini
1300 371 1630 425 Magalonensis

75 438 274 494 episcopi
294 437 510 485 notarius,
534 437 611 494 qui
634 438 877 493 requisitus
899 439 954 480 de
982 439 1243 494 prescriptis
1270 443 1423 483 notam
1445 444 1624 498 recepit.

134 509 198 551 De
222 521 314 564 qua
340 511 448 551 nota
481 521 570 551 11011
596 509 844 551 cancellata
870 516 949 550 etc.
970 543 977 555 ,
1009 523 1116 551 sans
1153 509 1272 552 dale.

379 659 406 704 j(
790 684 793 686 v
1006 650 1104 688 (Reg.
1129 650 1163 685 C,
1187 651 1245 682 tol.
1271 650 1330 682 135
1349 652 1401 690 r‘).

546 914 721 957 -Dccxz
749 940 803 946 -
833 915 888 957 19
915 916 1011 971 juin
1041 916 1154 959 1268

125 1053 408 1090 Guillaume
428 1055 477 1090 et
496 1055 786 1091 Dieudonne
808 1056 871 1091 du
910 1057 1023 1104 Puy
1042 1057 1259 1093 vendent
1279 1057 1309 1094 ὲ,
1337 1058 1555 1105 Ρόνέᾳιιθ
1575 1060 1635 1097 de

66 1113 374 1160 rmaguelone
394 1114 440 1150 le
460 1114 570 1150 four
591 1114 650 1150 de
671 1115 903 1151 Balarue.

137 1245 271 1287 Anno
308 1244 563 1287 Dominice·
579 1245 903 1287 Incarnationis
944 1246 1187 1289 millesimo
1226 1248 1537 1292 ducentesimo
1563 1250 1637 1292 LX

75 1314 204 1363 VIII⁰‚
236 1314 404 1358 scilicet
429 1315 542 1357 XIII⁰
570 1314 790 1357 kalendas
816 1314 929 1370 julii,
962 1330 1044 1370 ego
1097 1318 1367 1361 Guillelmus
1395 1320 1449 1361 de
1478 1321 1632 1369 Podio,

76 1387 121 1426 et
161 1397 244 1439 ego
270 1385 496 1431 Deodatus
541 1385 596 1427 de
626 1385 779 1427 Podio
811 1399 892 1427 nos
944 1387 1079 1428 ambo
1106 1387 1294 1430 insimul
1344 1388 1519 1438 fraires,
1574 1392 1640 1434 rei

77 1455 338 1498 venditores
377 1456 569 1511 quisque
597 1456 644 1498 iu
671 1456 866 1498 solidum
911 1457 1049 1498 facti..
1063 1491 1088 1505 .‚
1143 1472 1225 1513 per
1274 1473 1355 1502 nos
1376 1463 1421 1503 et
1463 1464 1640 1505 nostlos

77 1538 378 1575 successores,
408 1527 528 1568 bona
564 1526 656 1568 fide
683 1539 807 1568 cumr
836 1527 919 1569 hac
970 1531 1092 1570 carta
1135 1529 1391 1576 vendimus,
1423 1534 1467 1573 et
1509 1532 1640 1576 titulo

79 1595 275 1651 perfecte
303 1596 579 1639 venditionis
613 1597 904 1639 concedimus
927 1601 971 1640 el
996 1599 1357 1656 derelinquimus
1408 1601 1454 1643 in
1481 1616 1640 1659 perpe-

78 1669 285 1715 tuum...,
316 1667 529 1709 videlicet
554 1666 738 1709 furnum
764 1668 899 1709 castri
926 1668 980 1710 de
1011 1669 1242 1715 Balazuco,
1273 1684 1377 1713 cum
1427 1674 1640 1716 omnibus

75 1736 256 1791 juribus
283 1738 392 1785 suis,
423 1741 467 1779 el
511 1751 598 1793 que
628 1737 712 1792 ipsi
758 1737 890 1779 furno
942 1740 1166 1793 periinere
1219 1746 1478 1791 noscuntur,
1509 1745 1640 1787 vobis

33 1794 36 1798 ⁴
78 1808 265 1851 domino
291 1808 576 1862 Berengario,
605 1808 677 1849 De'
700 1808 845 1861 gralia
866 1809 1077 1864 episcopo
1106 1811 1431 1865 Magalonensi,
1463 1816 1506 1856 et
1532 1828 1632 1858 suc—

82 1879 336 1921 cessoribus
362 1879 541 1926 vestris,
596 1822 798 1920 vofentes
825 1879 947 1933 quod
1000 1876 1337 1935 posse⁴ssionem
1364 1883 1471 1926 dieti
1497 1885 1634 1935 furni,
1654 1933 1657 1935 ,
1679 1904 1682 1907 ·

83 1962 163 2004 per
189 1962 268 1991 vos
294 1949 367 1990 vel
394 1945 475 2004 per
499 1949 656 1997 alium,
687 1948 1030 2004 apprehendere
1068 1952 1259 1995 valeatis
1279 1954 1463 2009 propria
1490 1959 1640 1999 aucto-

79 2019 226 2067 ritate,
257 2019 373 2062 sicut
397 2019 444 2060 111
470 2022 670 2061 vestram
697 2032 793 2061 rem
820 2021 1065 2075 propriam.

141 2090 355 2133 Gedimus
383 2089 520 2132 etiam
546 2089 676 2131 vobis
705 2091 748 2131 ct
767 2090 930 2131 vestris
960 2093 1349 2136 successorihus...
1400 2099 1542 2139 totum
1567 2096 1640 2153 jus

83 2160 371 2215 proprietatis
399 2163 442 2202 et
470 2160 782 2215 possessionis,
814 2163 857 2202 et
884 2161 1119 2215 quodlibet
1170 2163 1292 2205 aliud
1319 2164 1406 2220 jus,
1437 2168 1559 2223 quod
1589 2169 1637 2210 in

86 2231 286 2286 predicto
313 2231 444 2273 furno
471 2231 757 2285 competebat
784 2231 926 2272 nobis.

140 2302 224 2344 Pro
250 2301 333 2343 hac
358 2301 527 2355 quippe
548 2301 810 2342 vendilionc
863 2304 906 2342 ct
932 2302 1192 2344 cessione...
1228 2319 1307 2347 nos
1336 2306 1443 2349 dicti
1470 2308 1636 2353 fratres

84 2372 174 2414 hah
212 2371 328 2413 ‘mus
379 2374 422 2413 et
472 2371 729 2425 recepimus
759 2384 785 2411 a
831 2371 975 2419 vobis,
1007 2372 1125 2414 dicto
1170 2374 1356 2418 domino
1406 2378 1632 2435 episcopo,

80 2445 263 2485 centum
288 2442 428 2484 libras
454 2441 788 2495 melgorienses,
821 2455 934 2496 quas
961 2455 988 2483 a
1017 2443 1145 2485 vobis
1163 2444 1417 2501 'habuimus
1445 2453 1490 2492 et
1515 2464 1636 2494 rece-

83 2513 250 2568 pimus,
273 2515 318 2554 et
339 2512 442 2553 inde
466 2526 545 2567 pro
568 2512 762 2566 paccalis
789 2514 834 2553 et
859 2513 1082 2555 contentis
1111 2528 1192 2557 nos
1223 2518 1443 2566 tenemus,
1476 2534 1640 2564 renun-

82 2583 252 2625 ciantes
279 2582 324 2624 in
350 2582 562 2624 omnibus
589 2582 842 2636 exceptioni
868 2596 955 2622 11011
978 2584 1111 2625 solidi
1134 2587 1272 2640 precii
1299 2591 1343 2630 et
1370 2602 1459 2631 non
1486 2591 1638 2635 habile

86 2653 314 2708 peccunie.

144 2723 463 2765 Promittentes
489 2726 643 2765 contra
687 2722 853 2764 dictam
881 2724 1192 2767 venditionem
1221 2741 1310 2771 11011
1336 2734 1565 2779 venturos;
1598 2738 1642 2776 et

86 2793 221 2835 nichil
273 2793 474 2836 diximus
502 2794 574 2835 vel
628 2793 818 2835 fecimus
846 2807 927 2848 per
953 2796 1074 2849 quod
1102 2796 1220 2840 dicta
1270 2802 1472 2846 venditio
1498 2806 1642 2859 possit
