2040 3404
794 106 1041 150 -667—

143 231 253 273 pore
274 220 407 260 erunt.
434 217 478 259 in
507 218 637 258 dietis
666 216 846 272 doguis,
871 228 1043 257 necnon
1070 213 1208 256 etiam
1231 225 1397 255 cannas
1425 214 1469 254 et
1494 210 1692 260 arbores,

144 301 232 344 que
259 288 322 330 ibi
348 291 453 331 sunt
472 288 544 330 vel
565 291 696 330 crunt
740 300 820 343 pro
847 290 1064 341 tempore,
1114 297 1192 327 vos
1220 283 1406 339 predicti
1433 281 1690 330 consiliarii,

143 361 188 400 et
213 359 352 402 vestri
397 372 691 405 successores,
722 357 966 401 consiliarii
992 355 1126 399 castri
1151 354 1368 410 Melgorii,
1417 353 1625 397 habeatis
1651 355 1695 395 et

144 429 403 486 percipiatis
426 443 506 485 pro
533 429 651 471 dieta
677 428 971 470 universitate
999 429 1043 469 et
1068 425 1250 469 nominc
1277 424 1498 480 ejusdem,
1522 425 1693 480 absque

144 499 296 556 aliquo
347 500 672 556 impedimento
717 499 1041 554 cujuscumque
1070 509 1258 553 persone
1285 499 1329 537 et
1353 496 1474 538 curie
1526 498 1691 543 nostre:

144 570 208 612 ita
233 571 353 626 quod
382 571 526 620 nobis,
548 584 627 612 nee
655 570 787 613 alicui
811 582 1016 625 persone,
1047 567 1230 610 nomine
1252 569 1404 609 nostro
1431 566 1501 608 vel
1527 566 1691 615 alieno,

144 654 233 684 non
261 641 320 684 sit
347 655 427 683 nec
454 641 538 684 erit
559 641 730 684 licitum
751 652 920 696 ponere
959 639 1111 694 aliqua
1137 637 1352 681 animalia
1378 638 1422 680 in
1444 637 1575 680 dictis
1619 637 1697 681 do-

145 712 261 767 guis,
294 725 374 754 nec
400 712 570 768 aliquid
599 712 720 754 aliud
749 711 908 753 [acere.
943 713 1124 765 propter
1151 709 1272 764 quod
1317 708 1518 764 predicta
1539 708 1698 765 ‚exple-

142 782 240 830 cha,
271 783 401 826 vobis
450 796 675 830 concessa,
706 783 857 837 posset
891 780 1083 823 diminui
1122 782 1194 823 vel
1223 782 1265 823 in
1293 781 1444 836 aliquo
1469 781 1690 837 deperire;

143 865 225 896 nec
247 854 374 896 vobis
400 854 483 896 erit
510 854 682 896 licitum
710 853 753 894 in
794 851 1006 907 predictis
1033 851 1193 907 doguis
1219 853 1374 908 aliqua
1414 851 1595 895 edificia
1634 853 1697 896 ibi

143 923 307 973 Iacere,
337 937 417 967 nec
457 925 628 981 aliquid
673 924 797 966 aliud
824 925 976 978 preter
1002 923 1218 978 predicta,
1250 926 1434 979 propter
1461 937 1551 981 que
1580 925 1699 967 muri

145 995 251 1038 dicti
271 996 404 1038 castri
430 999 618 1051 possent
638 995 727 1038 ledi
754 995 827 1036 vel
855 994 899 1036 in
928 993 1084 1050 aliquo
1113 994 1395 1038 deteriorari.
1615 1008 1618 1012 ·

204 1067 314 1109 Item
341 1067 554 1109 volumus
592 1069 637 1109 et
661 1066 967 1113 concedimus,
998 1067 1042 1107 et
1086 1079 1143 1107 ex
1170 1069 1293 1108 certa
1318 1065 1510 1110 sciencia
1546 1069 1691 1120 vobis.
1725 1096 1727 1098 ·

145 1138 411 1180 consiliariis
440 1151 520 1194 pro
548 1138 667 1180 dicta
709 1136 1022 1184 universitate,
1064 1136 1287 1180 donamus
1336 1137 1697 1194 imperpetuum,-

145 1221 227 1264 per
250 1222 333 1251 nos
359 1212 404 1251 et
429 1221 710 1251 successores
737 1211 912 1250 nostros
963 1206 1149 1250 comites
1176 1207 1392 1263 Melgorii,
1441 1213 1485 1252 et
1509 1210 1696 1267 insuper
1731 1228 1733 1231 ·

147 1280 289 1322 eciam
316 1279 642 1322 confirmamus
671 1279 815 1326 vobis,
846 1278 1057 1334 predictis
1085 1278 1366 1327 consiliariis,
1390 1281 1511 1337 quod
1545 1284 1700 1327 omnia

147 1364 330 1406 pascua,
360 1351 550 1406 paludes
572 1354 616 1392 et
636 1353 788 1405 patna,
819 1363 906 1404 que
934 1349 1068 1391 hodie
1096 1352 1219 1392 tenet
1256 1353 1301 1392 et
1329 1352 1532 1406 possidet
1580 1354 1700 1399 dicta

146 1421 436 1468 universitas,
469 1425 512 1463 et
540 1421 684 1464 tenuit
709 1423 753 1462 et
779 1420 984 1476 possedit
1010 1419 1126 1462 infra
1148 1424 1460 1464 tenementum
1486 1426 1530 1466 et
1551 1415 1699 1468 ‘domi-

146 1493 272 1536 nium
300 1493 407 1535 dicti
432 1493 579 1540 castri,
610 1493 666 1534 ad
695 1505 827 1534 usum
855 1494 899 1534 et
949 1491 1232 1547 explecliam.
1273 1495 1317 1534 et
1343 1495 1483 1536 eciam
1529 1495 1698 1540 victum

146 1564 411 1607 animalium
438 1576 696 1617 grossorum
718 1566 761 1605 et
811 1563 1086 1605 minutorum
1129 1563 1410 1617 singulorum
1463 1565 1696 1611 hominum

145 1635 262 1677 dicte
285 1634 605 1682 universitatis,
626 1634 747 1689 quod
770 1634 924 1675 omnia
945 1634 1163 1676 habeatis.
1187 1635 1378 1677 teneatis
1402 1639 1445 1677 et
1467 1638 1698 1691 possidea-

146 1706 204 1748 tis
231 1719 351 1747 nunc
377 1709 421 1747 et
448 1706 786 1760 imperpetuum
841 1704 1041 1759 pacilsice
1064 1708 1105 1747 et
1137 1705 1304 1760 quiete,
1335 1706 1397 1747 ita
1424 1708 1542 1762 quod
1567 1710 1700 1753 nobis

146 1790 229 1820 nec
248 1777 380 1819 alicui
410 1789 614 1831 persone,
646 1776 827 1817 nomine
859 1779 1023 1823 nostro,
1067 1790 1155 1817 non
1183 1776 1241 1818 sit
1268 1790 1346 1818 nec
1375 1778 1458 1820 erit
1507 1779 1693 1829 licitum,

147 1848 314 1890 amodo
336 1861 417 1889 nec
437 1847 751 1902 imposterum.
777 1847 831 1886 (le
853 1847 982 1888 «lictis
1004 1847 1197 1901 pascuis,
1223 1848 1465 1902 paludibus
1487 1853 1530 1892 et
1549 1853 1701 1906 patuis

147 1919 317 1973 aliquid
334 1918 529 1960 alienare
552 1931 836 1973 (Quocumque
857 1931 1017 1971 genere
1040 1917 1341 1960 alienationis:
1361 1920 1482 1976 quod
1499 1921 1535 1962 si
1550 1921 1695 1970 fieret,

148 1990 270 2045 quoii
293 1990 424 2037 absit,
450 1989 547 2044 ipso
577 1988 689 2030 lacto
718 1988 929 2030 alienatio
957 1988 1015 2030 sit
1040 1989 1179 2030 nulla:
1210 1992 1253 2030 et
1279 1990 1399 2045 quod
1450 1992 1700 2037 alienatum

148 2052 297 2108 feerit,
329 2061 386 2102 sit
412 2061 540 2102 vobis
561 2059 746 2101 licitum.
778 2061 823 2100 et
848 2059 1010 2101 vestris
1044 2060 1391 2104 successoribus.
1423 2062 1520 2106 sine
1546 2064 1701 2120 aliqua

150 2144 281 2187 pena.
311 2131 573 2173 auctoritate
601 2130 782 2185 propria
808 2143 1024 2184 occupare
1053 2133 1095 2171 et
1123 2144 1346 2173 revocare.

208 2202 263 2245 Et
290 2202 371 2244 hoc
399 2201 499 2243 ideo
527 2201 739 2243 volumus
767 2203 812 2242 et
838 2200 966 2243 vobis
1003 2201 1306 2250 concedimus,
1337 2204 1456 2258 quod
1488 2204 1533 2246 in
1582 2218 1703 2249 com·

152 2286 337 2315 munem
368 2276 582 2315 eventum
610 2272 812 2326 predicta
839 2285 1018 2326 pascua.
1053 2273 1240 2327 paludes
1262 2277 1306 2315 et
1334 2277 1469 2329 patua
1519 2277 1697 2326 cedant,

150 2348 193 2387 rt
215 2344 466 2386 redundent
493 2348 711 2397 perpetuo
739 2342 784 2383 in
831 2342 1069 2384 utilitatem
1098 2346 1142 2383 et
1168 2345 1407 2386 comodum
1459 2346 1576 2389 dicte
1603 2348 1701 2390 uni-

149 2415 391 2459 versitatis,
423 2416 466 2455 et
503 2413 705 2455 omnium
735 2415 777 2454 et
806 2413 1084 2466 singulorum
1114 2414 1347 2456 hominum
1377 2416 1431 2458 de
1459 2417 1577 2460 dicta
1604 2419 1700 2460 uui·

150 2485 376 2527 versitate.

148 2582 150 2584 -
210 2557 318 2598 lfem
343 2555 553 2597 volumus
599 2559 643 2596 et
669 2555 956 2596 concedimus
984 2556 1100 2609 quoii
1143 2557 1336 2599 vicarius
1375 2558 1591 2614 Melgorii,
1621 2562 1700 2617 qui

151 2639 268 2667 nunc
290 2629 357 2667 cst
384 2629 424 2667 et
453 2625 530 2680 qui
553 2639 632 2680 pro
673 2628 873 2679 tempor(-
901 2629 1044 2666 eruut.
1075 2627 1130 2668 ail
1177 2628 1518 2683 requisitionem
1556 2631 1701 2672 consi-

152 2697 381 2738 lim-{smum
404 2696 506 2736 ‹iirti
529 2696 677 2742 castri,
699 2696 774 2750 qui
804 2709 920 2737 nunc
937 2701 1041 2738 sunt
1062 2701 1105 2739 et
1131 2699 1206 2753 qui
1227 2712 1305 2753 pro
1334 2702 1534 2754 tempore
1552 2705 1696 2744 erunt.

153 2771 226 2809 ten
244 2770 388 2809 Jaiitur
428 2767 604 2820 publice
651 2767 794 2809 facere
824 2768 1122 2821 preconisare,
1171 2769 1370 2823 quolibet
1398 2783 1532 2817 anno.
1581 2773 1701 2826 quod
