2164 3575
1129 424 1350 468 „28-

520 533 668 581 Sane,
699 534 850 588 preter
875 532 1048 574 usatica
1099 531 1382 587 supradicta,
1414 532 1470 574 de
1491 531 1622 574 dictis
1649 532 1822 575 mansis
1871 532 2028 578 dehita

457 606 502 646 et
526 617 608 659 pro
636 603 769 658 ipsis,
801 602 917 645 sicut
943 602 1151 657 superius
1179 604 1285 644 sunt
1311 615 1550 657 expressa,
1581 615 1662 644 nos
1690 604 1735 645 et
1759 602 1903 645 nostri
1924 614 2024 647 suc*

458 687 680 721 cessores,
711 673 936 728 predictos
964 686 1147 715 mansos
1175 673 1249 715 vel
1275 673 1473 714 alterum
1518 675 1747 722 tenentes,
1801 673 2025 718 debemus

457 748 502 788 et
528 748 737 787 tenemur
760 743 909 798 jurare
936 743 1207 785 fidelitatem
1233 757 1313 798 pro
1364 743 1494 785 dictis
1546 743 1740 791 mansis,
1772 744 1847 786 vel
1884 744 2026 788 altero

459 829 638 863 eorum,
670 818 715 856 et
740 814 886 856 facere
913 813 1218 856 hominiscum
1244 813 1375 855 vobis
1402 816 1447 856 et
1472 814 1637 856 vestris
1665 814 2022 864 successorihus,

457 886 771 930 comitibusiet
797 884 995 927 dominis
1022 884 1227 939 Melgorii
1249 886 1292 926 et
1330 883 1720 926 Montisferrandi.

516 959 569 1000 Et
595 957 650 999 de
677 956 899 1012 presenti,
953 955 1157 997 consulto
1184 958 1228 997 et
1278 955 1495 1002 scienter,
1547 969 1628 997 nos
1679 955 1786 997 dicti
1837 955 2022 1005 fratres,

454 1016 621 1085 junctis
643 1026 808 1069 noStris
837 1026 1048 1069 manibus
1077 1026 1233 1080 positis
1261 1025 1379 1067 infra
1404 1028 1600 1072 vestras,
1632 1025 1825 1068 tacimus
1868 1026 2020 1075 vobis,

455 1100 574 1142 dicto
596 1099 780 1141 domino
830 1097 1062 1152 episcopo,
1118 1095 1421 1137 hominiscum
1471 1110 1551 1150 pro
1580 1096 1711 1137 dictis
1757 1097 1930 1139 mansis
1981 1100 2026 1139 et

456 1169 743 1226 pertinentiis
771 1168 885 1215 suis,
915 1167 1117 1222 jurantes
1144 1169 1188 1208 et
1214 1166 1530 1223 promittentes
1580 1166 1791 1221 primitus
1830 1166 2026 1211 fidelita-

454 1244 570 1290 tem,
600 1240 742 1282 vitam
771 1242 815 1280 et
841 1238 1069 1284 membra,
1100 1239 1144 1278 et
1170 1250 1224 1278 ea
1261 1250 1349 1291 que
1376 1236 1422 1277 in
1469 1239 1752 1279 sacramento
1792 1237 2025 1282 fidelitatis

448 1308 741 1354 ‘continentlir
766 1312 810 1351 et
830 1309 928 1364 jure
956 1306 1290 1361 intelliguntur,
1317 1307 1423 1349 dato
1451 1307 1682 1349 firmitatis
1711 1308 1868 1350 osculo
1889 1312 2025 1364 atque

453 1383 599 1440 pacis.
1175 1380 1186 1389 ’

512 1456 676 1497 Actum
702 1454 771 1495 est
796 1453 949 1493 autem
976 1452 1021 1492 et
1059 1449 1304 1491 deductum
1356 1449 1401 1489 in
1425 1451 1626 1503 paetum,
1656 1449 1779 1504 quod
1808 1449 1844 1492 si
1903 1453 2027 1492 esset

452 1540 572 1570 unus
612 1523 825 1566 dominus
876 1521 1100 1563 dictorum
1134 1504 1438 1567 ‘²111a11sovu111,
1495 1526 1636 1560 unum
1688 1525 2025 1562 sacramentum

450 1596 684 1641 fidelitatis
711 1597 755 1637 et
780 1605 923 1635 unum
950 1590 1256 1633 hominiscum
1284 1590 1429 1632 facere
1458 1592 1686 1638 teneatur;
1717 1590 1756 1632 si
1783 1591 1894 1634 duo.
1923 1593 2027 1647 qui-

382 1671 385 1674 ’
450 1670 562 1712 libet
588 1666 723 1709 faciat
749 1665 863 1707 sicut
890 1663 1046 1710 modo,
1078 1665 1122 1703 et
1149 1661 1185 1704 si
1235 1661 1354 1703 dicta
1383 1660 1537 1707 feuda,
1570 1662 1642 1703 vel
1670 1661 1887 1703 alterum.
1942 1665 2021 1704 aut

455 1741 609 1795 aliqua
634 1738 690 1779 de
718 1736 867 1778 fendis
895 1733 1133 1790 predictis,
1160 1747 1218 1774 ex
1240 1735 1352 1779 toto,
1379 1732 1475 1774 sine
1497 1732 1746 1774 retentione
1773 1732 1933 1774 usalici
1953 1734 2028 1776 vel

447 1815 640 1857 census,
672 1808 999 1852 alienarentur,
1054 1803 1324 1846 laudimium
1377 1802 1626 1857 pertineat,
1657 1805 1701 1844 et
1728 1816 1818 1844 non
1870 1804 2021 1848 aliter.

450 1882 584 1926 vohis
612 1883 655 1923 et
682 1877 846 1920 vestris
874 1874 1225 1920 successoribus,
1256 1873 1498 1921 comitibus
1532 1875 1575 1914 et
1603 1873 1801 1915 dominis
1822 1875 2026 1929 Melgor'.i

453 1958 499 1997 et
521 1947 914 1995 Montisferrandi.

510 2081 600 2139 Nos
621 2090 775 2138 antem
798 2091 1026 2147 predictus
1053 2087 1313 2144 episeopus,
1345 2090 1497 2130 comes
1519 2089 1563 2128 et
1584 2087 1798 2129 dominus
1820 2087 2024 2142 Melgorii

450 2170 500 2212 'et
546 2162 938 2210 Montislerrandi,
986 2160 1191 2216 predicta
1234 2158 1395 2201 'omnia
1445 2160 1489 2200 et
1534 2157 1714 2212 singula
1763 2171 1874 2201 vera
1923 2172 2023 2201 esse

452 2239 667 2286 scientes,
698 2249 779 2292 per
804 2247 887 2276 nos
915 2235 959 2275 et
984 2234 1163 2274 nostros
1191 2243 1496 2272 successores.
1537 2229 1727 2271 comites
1751 2232 1796 2272 et
1816 2229 2025 2272 dominos

456 2308 661 2364 Mel-gorii
687 2310 732 2349 et
757 2302 1149 2350 Montisferrandi,
1180 2301 1422 2343 laudamus
1451 2303 1494 2341 et
1520 2299 1847 2342 confirmamus
1868 2300 2016 2349 vobis,

418 2433 422 2436 μ
449 2380 665 2438 predictis
716 2376 954 2422 fratribus,
1009 2377 1054 2416 et
1103 2372 1291 2418 vestris,
1348 2371 1551 2426 predicta
1601 2369 1739 2412 feuda
1788 2383 1891 2412 cum
1925 2371 2024 2414 suis

453 2449 767 2509 pertinenciis,
792 2450 836 2490 et
855 2445 1010 2489 omnia
1036 2446 1080 2486 et
1106 2443 1286 2497 singula
1311 2456 1399 2498 que
1419 2439 1630 2496 'superius
1653 2443 1759 2483 sunt
1779 2455 2013 2496 expressa,

450 2522 768 2580 promittentes
820 2517 954 2560 vobis
1006 2515 1128 2571 quod
1180 2513 1379 2569 predicta
1430 2511 1585 2554 onmia
1635 2512 1926 2554 servabimus
1977 2515 2023 2555 et

451 2593 790 2637 custodiemus,
846 2591 890 2631 et
941 2586 1113 2629 servari
1159 2588 1203 2627 et
1235 2584 1449 2625 custodiri
1500 2583 1740 2632 l'aeiemus;
1771 2596 1944 2638 vosque
1971 2585 2023 2625 ac

455 2667 654 2709 vestros,
686 2660 890 2718 prodicta
915 2658 1053 2700 feuda
1080 2658 1308 2702 tenentes,
1339 2657 1557 2708 tanqi‘am
1585 2655 1762 2694 nostros
1789 2653 2020 2702 homines,

451 2736 565 2779 sicut
592 2737 635 2775 et
661 2734 886 2789 quantum
920 2729 977 2771 ad
1007 2741 1087 2769 nos
1132 2726 1346 2781 pertinet.
1402 2723 1749 2771 ‹torrenda-mus,
1780 2726 1825 2765 et
1875 2724 2019 2767 ecla-m

454 2807 568 2849 sicut
594 2804 755 2846 fideles
783 2804 983 2843 nostros.
1538 2849 1544 2856 ,
1704 2847 1708 2853 Ι

517 2878 628 2919 Acta
653 2876 760 2917 sunt
785 2873 866 2914 hec
892 2870 1014 2926 apud
1054 2867 1289 2910 ecclesiam
1337 2866 1486 2908 Sancti
1533 2859 1721 2906 Martini
1750 2864 1806 2905 de
1857 2864 2020 2907 Tribus

451 2948 561 2995 viis,
581 2952 706 2989 a'nno
732 2942 912 2986 Domini
941 2939 1184 2982 millesimo
1211 2937 1523 2979 ducentesimo
1545 2934 1832 2988 sexagesimo
1862 2935 2015 2983 tercio,

456 3018 625 3061 scilicet
651 3016 723 3058 Vll
751 3013 969 3056 kalendas
995 3009 1196 3065 augusti,
1228 3008 1274 3049 in
1301 3005 1536 3062 vpresencia
1562 3007 1605 3046 et
1631 3005 1891 3048 test'monio
1917 3006 2021 3048 Berss-

448 3090 576 3134 nardi
595 3089 649 3129 de
672 3084 888 3140 Agril'olio
909 3082 1069 3138 prioris
1090 3079 1274 3121 ecclesie
1294 3078 1349 3118 (16
1371 3076 1578 3122 Casu-iis,
1604 3075 1651 3116 P.
1677 3075 1732 3116 de
1754 3075 2018 3118 Cambriaco
