2107 3404
725 366 970 409 —189--

73 473 208 521 dicto.
232 472 445 517 dominus
471 471 745 516 Bertrandus
774 473 829 516 de
856 472 1251 521 Montedesiderio.
1306 475 1567 531 procurator
1591 475 1636 518 et

74 544 224 588 locum
251 547 411 587 tenens
440 543 546 586 dicti
573 543 775 586 nobilis
765 557 810 585 111
839 544 1026 586 baronia
1058 544 1113 586 de
1159 544 1402 593 Rocaiolio,
1444 558 1637 589 assensu

73 617 120 658 et
145 627 367 658 consensu
393 614 517 669 prius
546 614 748 669 prestito
778 613 824 655 in
845 614 1075 669 predictis,
1103 627 1184 670 per
1203 614 1373 658 dictum
1401 614 1637 658 dominum

73 685 298 734 comitem
334 686 542 740 presente
568 683 752 726 domino
773 683 1008 733 Haenrico‚
1041 684 1212 727 dictum
1235 685 1314 728 Bn.
1341 674 1386 728 et
1412 698 1518 728 suos
1539 699 1639 742 per-

75 758 211 812 petuo
237 767 518 798 successores
539 754 733 811 quitavit
753 757 797 796 et
817 755 1014 797 absolvit
1035 768 1062 798 a
1083 755 1368 814 prcstacione
1394 759 1440 800 et
1458 756 1639 800 accione

47 829 52 832 ⁵
73 837 272 880 duorum
317 836 611 880 sestariorum
637 836 796 879 civade
820 837 875 879 dc
927 837 1059 881 dictis
1087 840 1281 895 quatuor
1296 820 1435 883 “festis
1461 840 1641 896 (zses·

77 908 221 963 tariis)
249 907 534 963 supradictis.

133 1073 228 1125 Quo
256 1073 386 1122 facto,
417 1073 540 1116 idem
567 1073 780 1125 dominus
803 1074 903 1122 Bn.‚
933 1088 1013 1130 pro
1043 1088 1091 1117 se
1113 1079 1157 1117 et
1178 1076 1272 1118 suis
1300 1080 1519 1132 perpetuo
1546 1066 1645 1120 suo-

78 1145 334 1188 cessoribus
360 1147 404 1186 et
429 1144 688 1193 heredibus,
720 1145 837 1187 dicto
865 1145 1049 1187 domino
1095 1146 1355 1194 Bertrando,
1410 1147 1645 1203 stipulanti

75 1218 121 1259 et
145 1215 378 1270 recipienti
416 1215 601 1257 nomine
634 1215 740 1257 dicti
781 1215 958 1263 nobilis,
989 1219 1033 1258 et
1061 1230 1140 1272 pro
1168 1217 1284 1271 ipso,
1348 1218 1433 1259 sub
1474 1218 1645 1273 obliga-

47 1283 61 1345 ’ἡ
78 1286 199 1339 tione
219 1286 443 1327 bonorum
464 1298 664 1332 suorum
690 1285 898 1340 promisit
925 1299 971 1328 se
999 1287 1225 1329 soluturos
1252 1291 1295 1329 et
1316 1292 1578 1343 peccaturos
1598 1289 1647 1331 in

59 1356 197 1420 nfesto
224 1355 366 1399 sancti
387 1355 634 1402 Michaelis
666 1356 797 1398 annis
833 1356 1038 1410 singulis,
1070 1357 1159 1399 duo
1187 1358 1376 1401 sestaria
1402 1359 1472 1401 civ
1475 1359 1559 1402 ade
1587 1359 1644 1402 de

61 1426 290 1486 Apredictis
316 1429 510 1483 quatuor
535 1425 736 1468 sestariis
762 1427 820 1468 ad
850 1439 1113 1469 mensuram
1140 1429 1275 1470 castri
1303 1429 1359 1471 de
1404 1430 1640 1479 BriSsiaco‚

77 1501 123 1540 et
147 1497 205 1540 ad
231 1497 450 1539 eumdem
476 1499 677 1538 castrum
708 1499 927 1552 aportata;
960 1499 1004 1539 et
1029 1497 1093 1540 ita
1119 1500 1271 1540 tenere
1299 1502 1344 1541 et
1370 1512 1566 1548 servare,
1599 1504 1644 1543 et

79 1580 317 1623 nunquam
343 1570 500 1609 contra
549 1566 724 1614 venire,
755 1580 839 1622 per
864 1580 911 1609 se
939 1567 1012 1609 vel
1039 1581 1120 1622 per
1168 1569 1371 1624 aliquam
1414 1569 1651 1626 interposi.-

79 1641 174 1682 tam
203 1650 443 1694 personam
471 1637 621 1680 eidem
650 1637 768 1679 dicto
794 1637 978 1680 domino
1006 1639 1254 1682 Bertrando
1306 1640 1557 1696 stipulanti,
1589 1645 1641 1684 ut

80 1723 188 1765 sepe
215 1709 386 1751 dictum
413 1710 496 1756 est,
529 1708 613 1750 sub
634 1708 910 1762 obligatione
956 1709 1178 1751 bonorum
1230 1724 1416 1753 suorum
1466 1725 1650 1767 presen-

81 1780 201 1822 cium
228 1781 274 1822 et
317 1778 590 1826 futurorum,
618 1778 829 1833 promisit
855 1781 899 1821 et
917 1778 1099 1834 juravit;
1124 1781 1394 1824 renuncians
1421 1782 1469 1824 in
1495 1796 1652 1839 supra-

17 1881 22 1884 <
81 1851 213 1893 dictis
234 1848 495 1905 excepcioni
515 1848 660 1891 doli...
693 1863 782 1903 quo
806 1849 880 1891 vel
895 1849 1061 1905 quibus
1089 1853 1243 1892 contra
1267 1852 1469 1906 predicta
1493 1853 1651 1896 venire

82 1922 254 1976 posset.

144 1992 258 2033 Acta
283 1989 468 2032 fuerunt
493 1989 577 2033 hec
601 1990 724 2045 apud
753 1990 968 2033 Sanctum
995 1990 1254 2033 Baudilium
1283 1993 1339 2035 de
1366 1994 1584 2043 Pedusio,-
1605 1995 1654 2039 in

83 2061 161 2105 via
186 2060 368 2117 publica
390 2059 520 2115 juxta
545 2061 808 2108 claustrum,
833 2060 880 2102 in
908 2062 1142 2116 presencia
1168 2065 1211 2104 et
1239 2063 1498 2107 testimonio
1524 2067 1652 2109 P.'de

84 2133 313 2187 Agusam,
346 2131 591 2173 Raimundi
617 2134 662 2174 et
686 2131 904 2173 Johannis
949 2131 1215 2179 Bandrans,
1265 2133 1332 2176 Jo.
1385 2135 1578 2185 Faverii,
1609 2140 1654 2179 et

87 2201 259 2245 domini
290 2201 494 2244 Rainaldi
522 2201 578 2243 (10
605 2199 748 2256 (decla.
778 2202 812 2242 2
837 2207 988 2258 ceum,
1020 2206 1063 2244 et
1091 2204 1294 2258 magistri
1333 2206 1380 2247 P.
1412 2206 1653 2251 Christot'o-

88 2273 141 2322 ri,
172 2272 334 2315 notarii
361 2272 530 2327 publici
574 2272 809 2328 quondam
839 2275 952 2315 terre
996 2274 1158 2316 nobilis
1186 2274 1271 2316 viri
1321 2276 1493 2319 domini
1520 2279 1652 2321 Raim

89 2342 233 2400 (decli.
262 2342 295 2386 3
319 2346 456 2397 cent.)
479 2342 568 2391 ltis,
616 2342 794 2385 comitis
845 2344 1165 2393 Ruthenensis,
1214 2345 1307 2400 qui,
1338 2347 1582 2402 requisitus
1609 2352 1654 2391 et

91 2413 305 2457 mandato
326 2413 549 2455 dictarum
576 2413 794 2469 parcium,
820 2413 875 2455 de
899 2414 1110 2468 predictis
1139 2413 1282 2467 (α’έεΙι.
1305 2416 1335 2457 4
1361 2424 1495 2474 cem.)
1517 2419 1654 2475 scrip-

91 2485 152 2527 sit
176 2487 221 2526 et
246 2483 429 2539 [cepit.
460 2483 523 2525 De
549 2496 642 2539 qua
667 2486 775 2525 nota
800 2496 891 2525 non
916 2484 1164 2527 cancellata
1188 2492 1269 2527 etc.

979 2624 1076 2664 (neg.
1098 2626 1138 2663 A,
1161 2625 1221 2658 tol,
1244 2625 1307 2658 280
1325 2628 1387 2666 ν’).
