2205 3299
1187 192 1239 196 ω
1272 165 1354 207 140
1387 191 1434 195 --

535 275 805 332 Berengario
830 274 911 318 Dei
937 273 1084 330 gratia
1105 272 1317 329 episcopo
1344 270 1669 328 Magalonensi,
1699 268 1855 312 comiti
1891 263 2099 322 M‘elgorii

533 350 578 390 et
604 346 790 390 domino
816 343 1186 389 Montisferrandi
1212 342 1336 400 quod
1362 355 1445 398 ego
1473 341 1620 384 habeo
1649 342 1693 383 ct
1747 342 1882 382 teneo
1910 351 1937 381 a
1963 335 2098 381 vobis

535 419 584 461 in
610 415 814 465 feudum,
870 415 1042 459 ratione
1094 413 1335 457 comitatus
1380 412 1584 467 Melgorii
1614 415 1658 454 et
1710 407 2117 456 Montisferrandi‚·
2157 447 2160 450 ,

538 489 706 533 habere
727 490 951 531 et.tcne1·e
978 486 1138 533 debeo,
1170 487 1214 526 et
1238 483 1407 526 habere
1436 486 1480 525 et
1507 485 1659 524 tenere
1689 481 1805 529 v010,
1852 482 1897 523 et
1939 478 2105 535 prede·
2159 504 2162 505 ν

535 572 737 603 cessores
766 557 855 600 mei
883 570 910 599 a
936 555 1335 612 predecessoribus
1387 553 1568 601 vestris,
1599 553 1843 595 comitibus
1896 549 2102 605 Melgorii

541 634 586 673 et
611 627 993 676 Montisferrandi‚
1024 626 1288 668 habuerunt
1314 627 1359 667 et
1387 626 1644 672 tenuerunt,
1675 623 1845 665 habere
1872 624 1917 665 et
1943 624 2098 664 tenere

535 701 792 744 debuerunt
814 698 858 740 in
880 697 1069 740 feudum
1090 698 1289 739 castrum
1317 698 1361 738 et
1386 695 1534 751 capud
1561 694 1709 741 castri,
1740 696 1904 742 curtes,
1934 691 2098 736 [ornias

537 774 582 814 et
607 769 886 812 munitiones
913 781 1089 816 omnes,
1120 768 1355 823 presentes
1382 768 1427 808 et
1453 765 1646 812 futuras,
1673 764 1814 807 factas
1841 766 1886 806 et
1936 761 2107 806 facien·
2166 753 2170 758 ’

538 843 635 890 das,
661 853 774 897 quas
801 839 962 886 habeo,
988 838 1062 881 vel
1085 832 1168 893 ego
1196 837 1269 879 vel
1293 849 1576 878 successores
1598 835 1688 877 mei
1718 833 1921 877 habituri
1942 845 2106 876 sumus
2158 835 2186 887 ’ῃ

539 914 839 967 imposterum
866 910 912 951 in
939 908 1201 956 Breissiaco;
1229 911 1273 949 et
1299 906 1515 962 quicquid
1542 906 1589 947 in
1619 908 1709 948 toto
1737 905 1835 960 ejus
1866 905 2107 947 tenemen-
2172 931 2176 934 -

539 986 584 1026 to
611 986 655 1025 et
683 980 905 1024 territorio
933 980 1095 1028 habeo,
1127 979 1200 1020 vel
1223 978 1390 1020 habere
1419 977 1580 1025 debeo,
1617 978 1813 1032 excepto
1863 988 2024 1018 manso
2051 974 2107 1016 de
2171 979 2201 1018 ἶ,

540 1053 808 1099 Βοηυὶεω·ε,
835 1063 939 1093 cum
960 1049 1238 1105 quibusdam
1260 1047 1362 1090 aliis
1390 1047 1583 1095 mansis,
1613 1047 1671 1090 ad
1699 1046 1872 1089 dictum
1896 1049 2109 1089 mansum

546 1122 894 1180 pertinentibus;
925 1133 1064 1176 quem
1091 1131 1306 1161 mansum
1356 1119 1407 1160 R.
1438 1117 1559 1160 Petri
1586 1118 1642 1160 de
1669 1108 1944 1160 Monteolivo
1969 1130 1998 1161 a
2036 1128 2109 1160 me

545 1208 592 1237 se
622 1198 772 1236 tenere
824 1190 1100 1246 recognovi&
1155 1201 1294 1246 quem
1346 1201 1564 1232 mausum
1590 1201 1618 1231 a
1643 1188 1764 1231 dicta
1811 1179 2109 1243 generalitate
2159 1195 2164 1198 ’

543 1262 862 1320 recognitionis
889 1260 1081 1317 excipio,
1113 1260 1152 1303 si
1179 1259 1335 1302 diclus'
1377 1272 1565 1301 mansus
1592 1272 1620 1301 a
1670 1259 1790 1301 dicta
1815 1254 2112 1314 generalitate
2158 1247 2166 1278 ’¹'

545 1335 689 1391 possit
714 1337 758 1377 et
784 1333 949 1375 debeat
975 1331 1157 1373 excludi
1184 1330 1258 1372 vel
1281 1329 1444 1385 excipi.

609 1406 661 1448 Et
705 1404 798 1446 scio
851 1405 895 1446 et
920 1414 1190 1457 recognosco
1241 1401 1362 1456 quod
1390 1400 1562 1443 dictum
1613 1403 1826 1449 castrum,
1858 1414 1938 1456 pro
1983 1403 2112 1456 parte
2148 1410 2162 1433 -‘

550 1488 690 1533 quam
716 1475 780 1516 ibi
812 1474 972 1521 habeo,
1004 1475 1048 1514 et
1079 1472 1246 1514 habere
1273 1471 1432 1520 debeo,
1464 1473 1625 1520 turres,
1681 1471 1842 1514 forcias
1890 1473 1938 1514 et
1963 1472 2116 1514 muni-
2149 1453 2162 1458 Α

547 1547 711 1595 tiones,
735 1545 866 1588 vobis
888 1547 933 1587 et
953 1541 1290 1586 successoribus
1310 1541 1491 1590 vestris,
1517 1554 1598 1596 ego
1626 1545 1671 1585 et
1697 1555 1977 1586 successores
2003 1543 2110 1592 mei,
2157 1531 2163 1557 ³

549 1617 652 1661 irati
679 1619 723 1659 et
748 1614 922 1672 peccati
949 1614 1171 1657 debemus
1199 1615 1244 1655 et
1270 1615 1481 1654 tenemur
1506 1612 1711 1662 reddere,
1742 1613 1817 1656 vel
1841 1613 2114 1670 cuicumque
2195 1620 2197 1622 ’

549 1687 720 1745 petenti
741 1689 892 1730 vestro
918 1684 1118 1732 nomine,
1144 1683 1326 1739 quando
1352 1682 1575 1725 fuerimus
1601 1683 1823 1740 requisiti.

612 1758 665 1802 Et
691 1772 772 1814 pro
799 1757 885 1800 isto
911 1755 1048 1798 feudo
1067 1754 1285 1810 predicto,
1311 1766 1393 1808 ego
1422 1756 1468 1795 et
1494 1766 1777 1797 successores
1804 1755 1895 1797 mei
1921 1754 1968 1797 in
1994 1755 2117 1798 Brei-
2167 1751 2170 1754 ’

554 1843 656 1873 saco
708 1841 866 1871 sumus
893 1829 938 1870 et
987 1838 1087 1868 esse
1138 1825 1359 1867 debemus
1380 1823 1541 1866 fideles
1569 1825 1707 1866 vestri
1735 1828 1780 1867 et
1805 1839 2118 1870 successorum
2165 1823 2169 1827 “

553 1903 826 1947 vestrorum,
857 1897 1074 1940 comitum
1101 1895 1307 1949 Melgorii
1352 1897 1396 1936 et
1421 1894 1712 1937 dominorum
1749 1896 2117 1941 Montisferrandi
2159 1883 2161 1885 ¹

553 1975 597 2014 et
615 1971 926 2026 juramentum
953 1966 1187 2009 fidelitatis
1215 1968 1418 2021 prestare
1446 1965 1668 2008 debemus
1695 1969 1740 2009 et
1767 1969 1990 2010 tenemur.

614 2042 664 2084 In
690 2041 772 2083 hec
797 2039 954 2082 omnia
998 2037 1208 2093 superius
1236 2036 1464 2102 recognita
1517 2036 1662 2085 vobis,
1695 2038 1879 2081 domino
1905 2032 2120 2096 episcopo

553 2112 794 2160 antedicto,
825 2108 1038 2166 promitto
1066 2121 1146 2163 per
1184 2120 1256 2148 me
1284 2110 1328 2148 et
1355 2119 1480 2149 meos
1520 2119 1802 2151 snccessores
1847 2108 2118 2155 fidelitatem
2149 2103 2152 2106 ⁴

551 2186 721 2232 tenere,
752 2193 934 2225 servare
961 2181 1007 2222 et
1032 2180 1252 2234 perpetuo
1273 2177 1542 2233 adimplere,
1573 2180 1618 2220 et
1661 2179 1789 2222 nulla
1816 2181 1988 2225 ratione
2013 2195 2119 2225 con·
2152 2192 2155 2193 ’

550 2257 620 2298 tra
646 2253 816 2296 venire.
2139 2240 2142 2244 ’

612 2324 666 2368 Et
692 2323 826 2367 modo
852 2322 908 2364 de
935 2320 1152 2378 presenti,
1184 2333 1281 2375 ego,
1312 2318 1541 2374 predictus
1569 2319 1787 2363 Henricus
1817 2322 1961 2371 miles,
1996 2323 2118 2371 filius

558 2398 602 2438 et
627 2395 759 2437 heres
787 2393 985 2449 predicte
1013 2391 1196 2433 domine
1220 2390 1499 2435 Helisabeth,
1532 2391 1761 2434 comitisse
1789 2393 2110 2444 Ruthenmnsis,
2147 2399 2150 2423 ῑ
2182 2380 2191 2433 s

554 2465 654 2522 juro
681 2467 726 2507 et
752 2466 902 2519 presto
929 2462 1075 2510 vobis,
1107 2460 1358 2503 reverendo
1386 2460 1571 2502 domino
1621 2461 1849 2517 episcopo,
1880 2478 1961 2519 pro
1987 2467 2119 2510 vobis
2140 2451 2161 2476 ⁵

554 2538 599 2578 et
644 2534 808 2577 vestris
836 2531 1172 2576 successoribus
1218 2530 1469 2585 recipienti,
1501 2530 1785 2581 fidelitatem,
1817 2537 1860 2576 et
1887 2548 1940 2577 ea
1965 2528 2164 2586 omnia?

559 2619 649 2663 que
668 2605 727 2648 ad
753 2604 1024 2646 fidelitatem
1051 2601 1278 2657 pertinere
1306 2603 1568 2648 noscuntur,
1594 2615 1733 2657 super
1752 2603 1834 2646 hcc
1857 2601 2015 2650 sancta
2038 2596 2173 2651 Deiv

559 2675 799 2731 evangelia
816 2688 844 2717 a
870 2687 942 2716 me
969 2671 1259 2731 corporaliter
1286 2672 1418 2719 tacta;
2143 2663 2171 2726 ι’

616 2746 937 2789 Promittentes
964 2742 1110 2790 vobis,
1142 2741 1227 2783 sub
1254 2739 1425 2783 virtute
1468 2741 1660 2796 predicti
1685 2743 1950 2798 juramenti,
1997 2749 2119 2804 quod

557 2819 709 2874 ipsum
735 2816 932 2859 feudum
961 2812 1216 2870 predictum
1263 2823 1353 2853 non
1398 2810 1620 2861 minuam,
1653 2827 1733 2856 nec
1763 2815 1905 2859 minui
1956 2818 2118 2864 faciam
2158 2812 2163 2838 ;
