2107 3404
800 190 1049 233 —371—

138 289 304 334 'vitalis
325 294 370 334 et
387 290 618 334 Guillelmi
633 293 838 344 fratrum,
864 299 907 339 et
926 310 1031 340 cum
1051 297 1222 343 honore
1243 301 1434 345 condam
1455 304 1699 350 Raimundi

96 350 111 356 Ἴ
140 360 249 404 Orti.
268 361 362 413 Que
376 362 530 405 omnia
550 363 750 418 predicta
771 378 853 420 ego
868 367 1015 412 dictus
1034 369 1303 414 Guillelmus
1325 373 1518 417 Baudilii
1543 389 1696 420 assero

137 445 236 475 esse
257 445 380 476 vera.

195 503 307 546 Acta
344 503 547 546 fuerunt
577 505 658 548 hec
698 505 744 547 in
797 510 1028 562 presencia
1054 513 1098 552 et
1142 512 1401 556 testimonio
1452 516 1695 561 Raimundi

135 563 344 622 Baudilii‚
365 566 589 631 Stephepi
612 577 864 632 Ray-naudi,
884 580 1003 622 Petri
1029 581 1084 623 de
1112 581 1292 631 Ortolis‚
1314 583 1546 636 Guillelmi
1572 587 1694 645 Ray-

132 659 275 701 wyte,
300 646 417 687 Petri
445 646 499 688 de
528 647 699 693 Avena,
732 647 947 691 Beruardi
975 650 1185 700 Vassassi,
1211 656 1255 695 et
1282 654 1373 696 mei
1400 656 1553 698 Poncii
1573 657 1691 714 Coye

67 729 86 745 ν·
130 715 300 770 publici
327 716 488 759 notarii
517 717 658 759 tocius
704 718 993 774 episcopatus
1035 722 1372 777 Magalonensis
1399 729 1444 768 et
1469 727 1686 777 Porciani,

129 785 222 842 qui,
252 786 498 842 requisitus
524 800 552 829 a
585 787 703 830 dieto
752 788 936 832 domino
957 792 1119 846 priore,
1152 794 1309 849 scripsi
1337 799 1381 838 et
1408 797 1539 852 signo
1585 811 1687 841 meo

127 856 317 912 signavi.

991 1002 1086 1041 (Reg.
1110 1003 1145 1039 C,
1167 1004 1225 1034 iol.
1248 1004 1308 1035 244
1329 1010 1389 1043 γ’).

439 1298 445 1303 .
509 1265 699 1308 DCCCII.
734 1293 787 1297 —
809 1267 866 1309 30
894 1270 1140 1312 novembre
1156 1269 1270 1312 1288

160 1407 259 1442 Les
279 1406 478 1442 consuls
499 1406 559 1442 de
579 1407 897 1452 Montpellier
928 1410 1041 1444 sont
1070 1371 1263 1446 reieves
1284 1411 1343 1447 de
1363 1411 1674 1451 l'exeommu-

110 1466 330 1502 nication
349 1465 489 1510 qu’ils
509 1465 708 1501 avaient
728 1475 977 1502 encourue
1015 1477 1140 1512 pour
1178 1469 1318 1505 avoir
1355 1471 1544 1516 impos&
1583 1473 1670 1510 des

110 1527 283 1564 clercs.

166 1660 324 1702 Pateat
350 1655 632 1699 universis...
663 1655 782 1711 quod
811 1656 993 1699 discreti
1020 1657 1106 1700 viri
1150 1659 1308 1703 Petrus
1337 1660 1537 1716 Seguini,
1567 1663 1669 1706 Rai-

108 1729 307 1773 mundus
333 1726 577 1775 Lamberti‚
631 1726 824 1769 Jacobus
876 1727 931 1770 de
977 1727 1162 1777 Cruolis‚
1218 1730 1376 1773 Petrus
1404 1732 1459 1774 de
1510 1733 1662 1783 Cruce,

105 1799 361 1844 Bernardus
389 1798 444 1840 de
472 1797 679 1845 stimula,
711 1797 899 1847 Michael
927 1799 1084 1853 Cupud
1112 1800 1242 1854 probi
1269 1801 1480 1850 hominis,
1506 1804 1664 1846 Petrus

103 1873 158 1915 de
186 1870 308 1913 Bello
334 1869 445 1916 loco,
476 1868 634 1910 Petrus
661 1867 801 1924 Rays,
833 1868 1100 1911 Guillelmus
1140 1871 1352 1925 RotgeriL
1385 1874 1587 1916 Andreas
1609 1875 1665 1917 de

100 1945 311 1998 Aurayca
337 1942 383 1983 et
407 1940 565 1982 Petrus
593 1939 649 1980 de
677 1939 840 1980 Sancto
867 1939 1086 1987 humane,
1129 1942 1340 1984 consules
1392 1943 1663 2000 Montispes-

101 2012 264 2059 sulani,
295 2011 543 2053 existentes
571 2009 618 2050 in
645 2010 879 2064 presencia,
929 2011 1165 2052 reverendi
1194 2012 1241 2052 in
1291 2012 1466 2056 Christo
1519 2016 1659 2070 patris

99 2082 272 2127 domini
302 2080 571 2135 Berengarii,
598 2080 675 2122 Dei
702 2080 847 2134 gratia
896 2081 1231 2135 Magalonensis
1284 2084 1498 2140 episcopi,
1553 2100 1656 2128 cum

87 2155 350 2197 flicerentur
376 2151 462 2206 ipsi
488 2151 694 2193 consules
725 2164 802 2205 per
828 2151 1064 2193 dominum
1098 2152 1340 2206 officialem
1368 2155 1656 2210 Magoloncn-

95 2238 193 2269 sem
221 2223 470 2280 quamdam
522 2222 1023 2264 excommunicationis-
1053 2224 1324 2265 sententium
1352 2225 1570 2273 innodati,
1603 2241 1654 2270 eo

92 2295 305 2339 videlieet
331 2293 453 2348 quod
480 2291 719 2346 exigerunt
745 2305 824 2333 seu
852 2296 1150 2347 perceperunt
1172 2293 1253 2336 hoc
1280 2308 1399 2337 anno
1421 2309 1447 2338 a
1467 2298 1654 2351 quibus-

91 2367 198 2409 (lam
218 2363 406 2410 elericis2
437 2362 701 2404 clericaliter
729 2362 1003 2411 viventibus,
1039 2363 1229 2405 (latitem
1259 2378 1338 2406 seu
1366 2366 1617 2417 collectam;

147 2435 385 2478 Pecierunt
435 2433 575 2474 iidem
621 2427 829 2474 eonsules
857 2435 900 2474 et
944 2433 1177 2475 humiliter
1230 2436 1593 2489 postulaverunt,
1625 2452 1652 2481 a

87 2506 273 2549 domino
302 2503 514 2560 episcopo
545 2505 809 2550 memorato,
828 2503 1002 2545 eisdem
1022 2517 1102 2559 per
1128 2504 1279 2559 ipsum
1302 2519 1438 2561 super
1458 2508 1650 2562 premis-

85 2577 149 2622 sis
175 2574 478 2619 absolucionis
500 2573 773 2615 beneficium
795 2574 1030 2629 impertiri.
1080 2598 1083 2601 -

144 2646 398 2690 Offerentes
443 2644 529 2699 ipsi
549 2644 760 2686 eonSules
788 2657 834 2686 se
863 2645 1128 2687 immediate
1152 2645 1243 2688 l'ore
1266 2651 1446 2701 paratos
1470 2650 1643 2691 tradere

83 2721 128 2761 et
154 2717 200 2759 in
229 2703 360 2772 posse
383 2715 491 2757 dicti
518 2714 692 2756 domini
739 2715 937 2770 episcopi
965 2716 1191 2770 deponere
1232 2720 1399 2759 certam
1456 2721 1642 2773 pecunie

81 2787 400 2845 quantitatem,
415 2785 663 2828 *occasione
685 2798 842 2827 eorum
863 2799 950 2840 que
973 2791 1235 2841 receperant
1256 2800 1280 2828 a
1302 2788 1431 2830 dictis
1453 2789 1638 2835 clericis:

82 2860 138 2901 de
166 2870 254 2913 qua
285 2855 477 2912 pecunia
503 2855 799 2913 restituantur
823 2856 888 2897 eis
916 2856 1193 2910 quantitates
1241 2862 1448 2913 percepto
1476 2860 1532 2901 ab
1561 2860 1644 2901 eis-
