2107 3404
779 217 1028 262 -365-

122 327 270 383 aquis,
309 326 459 383 lignis,
504 325 699 382 pascuis,
730 325 880 381 patuis
930 326 975 367 et
1000 321 1322 380 pasturalibuS.
1352 325 1398 364 et
1439 335 1542 365 cum
1588 322 1682 365 suis

122 396 320 440 devesiis
347 395 511 440 debitis
537 399 583 438 et
620 395 862 442 consuetis,
894 397 939 438 et
963 393 1242 442 nemoribus,
1266 393 1405 436 situm
1453 391 1501 435 in
1526 405 1681 449 parro-

122 467 276 510 rochia
297 466 449 510 Sancti
475 465 651 509 Nazarii
677 465 734 508 de
762 464 1000 514 Brissiaco;

181 536 235 580 Et
253 537 587 580 confrontatum
614 549 673 579 ex
706 548 797 578 una
822 538 949 591 parte
975 546 1079 578 eum
1105 532 1276 576 honore
1301 532 1518 576 Bernardi
1562 532 1682 577 Petri

121 607 178 650 de
205 606 492 655 Monteofivo,
518 610 562 649 et
582 620 639 649 ex
664 606 754 649 alia
772 603 875 648 cum
896 605 972 648 via
992 603 1173 661 publiea
1191 616 1280 661 que
1304 606 1458 646 movet
1478 603 1534 646 de
1562 603 1679 646 Bris-

122 678 242 721 siaco
255 669 306 720 et
327 677 471 720 tendit
496 690 655 720 versus
684 676 901 719 Sanctum
928 674 1240 721 Vuillelmum.
1284 676 1328 717 et
1353 687 1412 716 ex
1436 674 1527 717 alia
1552 676 1679 730 parte

121 761 225 791 cum
252 748 421 791 honore
449 747 597 791 mansi
623 748 678 789 de
726 746 772 788 la
799 746 915 795 Fon,
946 749 990 789 et
1015 760 1074 789 ex
1099 745 1189 789 alia
1214 747 1341 801 parte
1367 758 1471 788 cum
1516 746 1682 789 Ausse-

120 819 240 862 datis
265 818 402 862 castri
428 819 486 861 de
508 818 745 862 Brissiaco.

181 888 362 932 Scimus
405 889 545 932 etiam
572 891 617 932 et
641 889 690 931 in
716 888 907 932 veritate
951 887 1314 943 recognoscimus
1340 886 1462 944 quod
1512 887 1683 931 dietum

122 947 335 1003 inausum
360 962 581 1008 casatum,
611 959 894 1002 condrictum
920 961 965 1000 et
1003 958 1255 1013 arrogatum
1281 960 1434 1001 tenere
1461 958 1682 1001 debemus

90 1043 95 1049 ·
121 1043 203 1087 per
221 1043 319 1079 nos.
337 1033 382 1074 et
406 1030 470 1073 ibi
491 1029 790 1073 residenciam
810 1029 956 1073 faeere
982 1029 1203 1073 debemus
1224 1028 1272 1071 in
1297 1028 1415 1071 dicto
1435 1042 1610 1077 manso,
1637 1031 1682 1072 et

86 1099 89 1103 ’
121 1100 263 1144 nostri
283 1103 386 1157 post
399 1113 494 1144 nos.
513 1101 841 1143 Verumtamen
861 1099 966 1142 hinc
991 1100 1048 1143 ad
1070 1100 1330 1156 proximum
1345 1099 1513 1143 festum
1530 1099 1683 1144 Sancti

121 1171 318 1220 Martini,
337 1185 581 1228 possumus
596 1171 767 1215 dictum
790 1184 1017 1218 mansum.
1037 1170 1092 1213 de
1108 1173 1261 1214 vestra
1275 1170 1461 1227 speciali
1476 1171 1677 1220 licencia.

120 1256 204 1299 per
226 1241 369 1286 alium
389 1255 471 1298 per
490 1255 571 1285 nos
597 1241 910 1290 substitutum,
940 1244 1092 1285 tenere
1117 1245 1337 1286 casatum.

180 1314 391 1356 Preterea
429 1312 651 1355 scimus...
696 1312 819 1369 quod
845 1325 928 1355 nos
955 1315 1164 1356 tenemur
1206 1313 1338 1356 vobis
1364 1315 1422 1361 et,
1454 1317 1556 1370 post
1580 1327 1678 1362 vos.

60 1407 71 1418 -
123 1384 301 1432 vestris.
331 1383 530 1426 dominis
551 1382 668 1426 dicte
713 1382 915 1430 baronie‚
946 1383 1118 1425 ratione
1146 1383 1253 1426 dicti
1302 1383 1436 1426 castri
1463 1385 1603 1428 vestri
1623 1385 1680 1428 de

122 1455 358 1505 Brissiaco.
388 1467 468 1510 pro
494 1453 613 1496 dicto
659 1466 818 1496 manso
857 1453 1028 1496 servire
1053 1456 1099 1496 et
1147 1454 1293 1498 facere
1336 1456 1676 1508 commalesam‚

122 1528 257 1583 prout
280 1524 417 1568 ceteri
438 1523 678 1567 feudatarii
713 1523 1026 1566 mandamenti
1070 1523 1178 1566 dicti
1205 1524 1339 1567 castri
1365 1525 1421 1569 de
1460 1526 1680 1572 Brissiaco

122 1595 345 1643 serviunt,
377 1598 423 1638 et
449 1594 596 1637 facere
623 1596 668 1636 et
694 1594 864 1637 servire
890 1596 1103 1637 tenentur
1127 1597 1172 1637 et
1197 1600 1532 1640 consueverunt
1551 1599 1681 1641 vobis

121 1670 168 1710 et
191 1665 554 1710 antecessoribus
581 1665 760 1713 vestris,
790 1664 989 1707 dominis
1018 1664 1225 1720 ejusdem
1251 1667 1401 1709 castri.

182 1738 236 1781 Et
254 1737 371 1780 hane
396 1736 565 1778 dictam
625 1734 978 1790 recognitionem
1016 1735 1209 1779 dicimus
1236 1740 1280 1779 et
1305 1738 1554 1781 asserimus
1581 1752 1680 1783 esse

121 1820 295 1856 veram;
324 1809 370 1850 et
395 1820 476 1863 pro
504 1806 717 1862 predictis
748 1805 891 1853 vobis,
930 1805 1063 1848 flexis
1089 1806 1281 1862 genibus
1308 1810 1353 1850 et
1375 1807 1542 1863 junctis
1586 1822 1682 1853 ma-

124 1879 275 1926 nibus,
305 1876 570 1932 homagium
597 1876 794 1919 facimus
821 1880 865 1918 et
905 1876 1192 1924 fidelitatem,
1225 1881 1267 1920 et
1294 1891 1347 1920 ea
1372 1892 1460 1934 que
1488 1880 1572 1922 sub
1615 1880 1684 1936 ju-

122 1951 328 1992 ramento
355 1947 588 1990 fidelitatis
609 1948 911 1995 continentur,
933 1950 1085 1989 tenere
1103 1951 1145 1990 et
1166 1961 1348 1991 servare
1373 1951 1680 2004 promittimus

123 2022 168 2062 et
193 2019 412 2075 juramus.
1450 2010 1451 2015 ¹

184 2163 238 2205 Et
265 2175 344 2203 nos
371 2159 517 2202 dietus
544 2158 804 2206 Haenrieus,
836 2173 986 2203 comes
1014 2163 1058 2203 et
1083 2161 1295 2204 dominus
1335 2163 1451 2206 dicte
1479 2165 1677 2215 bernoie,

125 2232 374 2289 predictam
401 2231 752 2284 recognitionem
780 2231 975 2286 benigne
1008 2231 1252 2287 recipimus
1280 2236 1324 2275 et
1372 2239 1676 2290 acceptamus.

124 2308 170 2346 et
190 2303 390 2359 predicta
414 2302 583 2347 omnia,
615 2302 700 2343 sub
722 2302 870 2343 modis
897 2305 941 2343 et
960 2301 1118 2344 formis
1140 2303 1415 2358 prescriptis,
1440 2305 1681 2351 laudamus

124 2379 170 2417 et
197 2372 476 2416 ratificamus
505 2372 649 2417 vobis.v
682 2372 893 2426 predictis
920 2371 1136 2414 fraffribus
1164 2376 1208 2415 et
1235 2374 1397 2417 vestris
1424 2376 1683 2431 stipulanti-

124 2447 210 2487 bus
237 2446 282 2486 et
307 2442 644 2498 recipientibus,
674 2442 802 2484 salvo
828 2442 876 2484 in
901 2443 1115 2485 omnibus
1138 2443 1237 2498 jure
1263 2448 1416 2488 nostro
1442 2449 1488 2488 et
1536 2449 1681 2491 eciam

123 2515 290 2558 alieno.
487 2549 493 2553 ,

187 2586 298 2628 Acta
316 2583 501 2641 fuerunt
525 2583 608 2625 hec
632 2583 756 2638 apud
783 2582 1002 2626 Sanctum
1030 2583 1289 2627 Baudilium
1315 2585 1372 2628 de
1398 2587 1608 2637 Pedusio.
1634 2591 1680 2632 in

125 2656 222 2700 sala
245 2654 443 2701 claustri,
473 2666 625 2696 coram
649 2653 708 2696 ad
729 2653 813 2696 hoc
834 2654 1002 2697 vocatis
1030 2657 1074 2696 et
1093 2655 1260 2710 rogatis
1283 2657 1488 2705 testibus,
1513 2659 1682 2702 scilieet

76 2740 109 2755 f
126 2724 325 2769 dominis
351 2724 600 2766 Bertrando
627 2724 683 2766 de
710 2724 869 2766 Manso
897 2725 1054 2772 milite,
1098 2725 1317 2769 Rainaldo
1343 2728 1399 2769 de
1443 2728 1678 2778 Mareosio.

131 2795 344 2851 magistro
371 2795 422 2836 11.
453 2792 551 2836 dels
580 2792 779 2836 Candels
806 2794 1084 2851 jurisperito,
1115 2796 1385 2852 Bereugario
1412 2798 1512 2840 Miri
1540 2801 1684 2842 domi-

126 2866 256 2915 cello.
285 2864 514 2908 Bernardo
539 2865 723 2913 Raterii.
754 2865 971 2919 magistro
1003 2866 1209 2909 Johanne
1236 2867 1437 2922 Brugerii
1489 2871 1678 2918 notario,
