2040 3404
752 140 1004 183 -603—

101 260 174 291 me
202 248 484 304 preteritu1n;
515 248 569 290 de
598 247 669 289 die
699 261 785 290 non
815 248 1085 290 recordatur.

157 319 220 361 De
248 319 533 375 presentibus
563 311 819 374 requisitus,
852 318 967 361 dixit
1003 318 1122 376 quod
1151 317 1419 360 Guillelinus
1446 317 1646 366 Tesselli,

100 389 258 432 Petrus
284 389 463 436 Juliani‚
498 390 654 431 Petrus
683 389 925 436 Pas-chalis‚
956 389 1181 432 Johannes
1208 388 1442 437 Pellicerii‚
1473 391 1516 431 et
1555 388 1652 444 plu-

96 473 166 502 res
193 460 283 502 alii.

156 529 415 586 Reqnisitns·
442 529 477 572 si
506 532 572 572 est
625 530 933 572 domesticus..
972 529 1205 573 familiaris
1233 530 1307 572 vel
1351 530 1652 573 conductitius

95 601 201 643 dieti
228 600 401 642 domini
423 600 635 656 episcopi,
663 600 775 641 dixit
799 601 917 656 qnod
952 601 1186 643 familiaris
1226 600 1426 657 ejus'est,
1451 603 1496 643 et
1515 600 1652 643 homo

93 685 218 719 suus,
249 675 293 714 et
321 675 439 714 tenet
466 671 669 713 redditus
698 672 751 712 de
780 670 997 719 CzirnonQ
1030 686 1143 728 quos
1170 671 1281 714 emit
1305 672 1362 714 ab
1389 671 1487 728 ipso
1507 671 1654 714 domi-

94 756 149 784 no
175 743 399 798 episcopo.

151 813 407 868 Reqnisitus
435 826 569 868 quein
601 812 754 854 mullet
780 812 921 855 dietas
949 812 1076 855 lanas
1120 813 1284 856 habere
1311 817 1390 856 aut
1414 813 1651 857 dominum

89 897 241 939 regem
261 888 340 926 ant
366 883 603 925 dominnm
627 883 904 938 episcopum,
932 883 1047 926 dixit
1068 885 1189 939 quod
1206 884 1333 926 illum
1354 884 1433 940 qui
1458 884 1505 926 in
1520 883 1651 928 dictis

89 954 204 997 lenis
233 953 377 1009 majus
397 953 468 1009 jus
496 954 645 996 habet.
1646 1010 1649 1013 μ

146 1025 404 1082 Requisitus
455 1025 509 1066 de
539 1028 738 1080 tempore
789 1038 879 1081 quo
928 1028 1084 1080 gentes
1126 1025 1294 1068 domini
1349 1026 1489 1070 nostri
1533 1025 1650 1083 regis

88 1097 228 1139 dicius
256 1094 415 1155 [lanas]
445 1098 795 1144 arrestaverunt⁷
827 1095 944 1138 dixit
969 1096 1089 1152 quod
1113 1110 1203 1138 non
1231 1097 1346 1139 bene
1372 1097 1645 1146 recordatur,

86 1167 164 1209 sed
193 1168 306 1209 bene
335 1166 429 1214 scit,
461 1169 511 1208 ut
536 1166 658 1215 dicit,
687 1167 823 1223 qnod,
855 1169 1099 1223 antequam
1137 1167 1343 1210 venirent
1366 1170 1523 1224 gentes
1573 1169 1650 1212 do-

87 1238 198 1280 inini
226 1238 342 1292 regis
368 1251 447 1293 pro
470 1237 737 1293 requirendo
765 1238 906 1280 dictas
930 1238 1071 1284 lanas,
1102 1238 1198 1294 ipse
1237 1238 1338 1280 lane
1359 1241 1486 1282 erant
1505 1252 1647 1282 arres-

87 1311 174 1351 inte
202 1312 245 1351 et
270 1311 414 1364 capte,
445 1311 488 1351 et
508 1309 627 1364 apud
655 1307 921 1350 Mel.··ox·inni
948 1309 1079 1352 ducte
1108 1323 1186 1364 per
1220 1312 1377 1364 gentes
1403 1310 1545 1366 ipsius
1572 1310 1649 1353 do-

85 1379 195 1421 inini
223 1379 436 1434 episcopi.

144 1450 401 1506 Requisilus
429 1449 466 1491 si
490 1450 649 1504 gratia,
674 1450 792 1498 odio,
825 1449 998 1498 timore,
1023 1463 1192 1498 amore,
1224 1464 1371 1507 prece.
1402 1451 1549 1507 precio
1576 1451 1648 1494 vel

82 1522 326 1564 instructus
348 1520 432 1564 fert
451 1534 636 1575 presens
667 1520 990 1564 testimoninm.
1021 1521 1136 1564 dixit
1155 1523 1277 1579 quod
1304 1535 1405 1565 non.

140 1736 405 1778 (inillelnius
427 1736 608 1778 Tesselli
633 1736 688 1777 de
711 1736 1012 1784 Frontinmno,
1040 1736 1165 1779 testis
1185 1735 1358 1792 Jurat-ns
1379 1736 1434 1779 de
1456 1737 1644 1780 veritate

81 1806 284 1854 dicenda,
315 1810 358 1848 et
384 1806 626 1862 requisitus
670 1821 807 1862 snper
857 1807 1067 1862 predictis
1107 1807 1221 1849 dixit
1270 1807 1390 1864 qnod
1442 1808 1540 1864 ipse
1566 1815 1644 1864 qui

79 1877 289 1933 loquitur,
316 1890 404 1919 nna
424 1890 525 1919 enni
546 1877 750 1920 Johanne
772 1878 1004 1925 pellicerii,
1037 1879 1167 1921 Petro
1187 1878 1354 1921 Juliani
1376 1881 1419 1921 et
1434 1879 1641 1934 pluribus

79 1949 178 1990 unis·
205 1952 419 2003 ceperunt
439 1952 483 1990 et
502 1952 837 1990 arrestavernnt
864 1949 1004 1991 dietas
1026 1950 1151 1991 lanes
1189 1949 1235 1990 in
1258 1953 1415 2004 stagno
1442 1936 1644 2006 Melgorii

79 2019 249 2060 damini
270 2019 599 2073 Magalonensis
627 2019 838 2074 epist-wi,
866 2020 1045 2062 nomine
1090 2020 1232 2075 ipsius
1254 2020 1419 2062 domini
1446 2017 1643 2076 episcopi

78 2092 121 2130 et
150 2103 226 2144 pro
255 2089 353 2144 ipso
380 2093 423 2131 et
451 2092 668 2145 tunquam
699 2090 933 2132 [mniliaris
961 2091 1103 2145 ipsius
1135 2091 1309 2133 domini
1338 2091 1550 2147 episcopi.

137 2160 397 2216 Reqnisitns
425 2160 458 2202 si
488 2160 632 2203 dictus
673 2162 884 2203 dominns
913 2162 1148 2217 episcopus
1194 2162 1329 2204 habet
1377 2161 1643 2217 jurisdictio-

77 2244 178 2271 nem
208 2231 456 2285 plenariam
485 2232 528 2272 in
558 2232 674 2273 dicto
727 2235 900 2286 stagno,
932 2233 1045 2273 dixit
1091 2232 1210 2287 qnod
1238 2232 1315 2281 sic;
1346 2235 1389 2274 et
1438 2233 1559 2289 quod
1586 2233 1641 2274 de

77 2300 158 2343 hoc
185 2304 251 2343 est
277 2300 413 2350 fania,
444 2305 486 2342 et
545 2302 711 2344 ibidem
764 2302 899 2344 habet
948 2303 1225 2357 punitionem
1278 2303 1638 2358 delinquentium

77 2372 410 2428 qnoquoniodo;
441 2376 483 2414 et
530 2372 678 2427 plnres
732 2373 842 2414 vidit
885 2373 1054 2414 ibidem
1110 2373 1274 2429 puniri,
1306 2377 1354 2416 ut
1397 2373 1517 2422 dicit,
1560 2387 1640 2430 per

75 2442 244 2483 dietum
268 2443 502 2484 dominnm
556 2443 828 2499 episcopum
880 2458 958 2486 seu
1010 2447 1169 2499 gentes
1195 2457 1316 2493 suas;
1371 2448 1523 2487 tamen
1550 2457 1641 2487 non

76 2513 347 2561 recordatur,
381 2517 427 2554 nt
454 2514 574 2561 dicit.
606 2514 659 2555 dc
690 2515 947 2556 nominibus
981 2528 1136 2557 eorum
1165 2515 1243 2570 qui
1269 2515 1414 2571 puniti
1441 2514 1622 2558 fuerunt

74 2580 258 2624 ibidem.

133 2652 389 2707 Reqnisitns
418 2654 452 2696 si
482 2655 595 2696 dicte
647 2655 747 2697 lene
770 2654 952 2697 fuerunt
996 2656 1121 2711 prius
1146 2658 1362 2699 arrestate
1383 2670 1464 2712 per
1483 2656 1634 2712 ipsum

73 2722 151 2778 qui
176 2723 372 2779 loquitur
397 2726 441 2767 et
466 2725 577 2768 alios
603 2726 831 2768 consocios
863 2738 983 2774 suos,
1031 2739 1169 2782 quam
1196 2740 1277 2783 per
1323 2730 1480 2782 gentes
1524 2727 1630 2769 dieti

76 2793 246 2835 domini
299 2797 430 2849 regis,
462 2796 576 2837 dixit
626 2796 747 2851 quod
781 2796 857 2845 sic;
918 2810 998 2839 nec
1025 2799 1109 2839 sci-t
1157 2797 1279 2852 quod
1329 2800 1486 2852 gentes
1530 2792 1636 2839 dicti
