2107 3404
698 305 906 363 „93-

20 426 204 484 abipso
231 426 416 471 domino
443 426 656 484 episcopo
682 426 977 470 dimissorum
1014 429 1060 470 et
1107 439 1439 477 concessorum,
1470 442 1571 485 pre-

20 497 169 542 dictus
195 497 318 556 prior
342 496 400 541 de
426 497 636 546 Lundris,
667 511 748 554 pro
800 511 848 541 se
875 500 920 540 et
945 497 1136 541 ecclesia
1162 511 1245 541 sua
1264 499 1479 555 predicta,
1510 515 1577 544 rc-

20 569 147 613 misit
171 558 321 613 eidem
347 568 531 611 domino
558 568 769 625 episcopo
796 572 841 611 et
867 569 1198 612 successoribus
1226 570 1319 612 suis
1345 584 1479 614 omne
1504 572 1577 627 jus

19 642 65 683 et
89 651 273 683 omnem
293 639 534 688 actionem,
563 639 734 682 realem
762 641 806 682 et
831 639 1133 695 personalem,
1165 641 1287 697 quod
1337 641 1410 684 vel
1437 655 1577 697 quam

21 710 214 755 haberet
239 710 313 752 vel
340 710 508 753 habere
535 708 689 765 posset
738 712 889 753 contra
919 710 1116 753 eundem
1143 710 1381 754 dominum
1409 712 1578 768 episco-

20 794 147 838 pum,
171 780 246 824 vel
266 780 365 836 ejus
386 793 666 824 successores
686 780 1032 835 Magalonenses
1060 781 1311 837 episcopos,
1338 783 1410 825 vel
1438 796 1575 839 super

21 852 215 908 pedagio
239 851 526 894 Matellarum
553 849 634 894 seu
660 851 803 894 eciam
832 851 994 894 Sancte
1015 851 1183 900 Crucis,
1215 866 1296 907 pro
1323 854 1517 898 emenda
1536 858 1582 898 et

22 922 203 966 racione
223 922 415 965 emende
434 923 479 965 et
498 922 818 978 reparacionis‚
858 935 998 979 quarn
1026 922 1238 966 dominus
1265 924 1495 973 Johannes
1522 926 1579 969 de

22 992 320 1041 Montelauro‚
344 992 463 1035 bone
483 992 703 1035 memorie
724 993 957 1048 quondam
978 992 1312 1047 Magalonensis
1339 995 1579 1052 episcopus

21 1063 124 1107 fieri
150 1063 296 1106 voluit
347 1065 392 1105 et
421 1062 659 1106 mandavit
685 1063 741 1106 de
790 1076 909 1106 nave
959 1064 1158 1120 predicte
1185 1065 1372 1108 ecclesie
1425 1066 1579 1110 Sancti

23 1134 221 1178 Martini.

82 1205 228 1257 Quam
255 1204 442 1262 quidem
464 1205 701 1248 ecclesiam
722 1205 846 1248 idem
867 1205 1078 1249 dominus
1098 1206 1341 1256 Johannes‚
1371 1222 1453 1264 pro
1479 1222 1582 1252 con-

25 1276 252 1319 servanda
275 1271 584 1332 jurisdictione
612 1276 899 1331 episcopatus
950 1277 1260 1321 et—comitatus
1310 1279 1513 1335 Melgorii
1540 1283 1584 1323 et

26 1345 411 1392 Montisferrandi.
441 1345 605 1389 dicitur
623 1346 919 1395 destruxisse;

81 1418 167 1460 Pro
193 1430 297 1473 quo,
329 1416 492 1460 Sancte
542 1416 695 1459 Crucis
739 1419 784 1459 et
832 1417 1118 1460 Matellarum
1168 1419 1584 1476 pedagio(:peda-

22 1488 168 1544 gium)
195 1488 280 1531 sub
301 1487 434 1530 certis
454 1488 585 1530 annis
601 1487 870 1544 (zannuis)
892 1488 1270 1544 septinianalibus
1291 1491 1583 1546 prestacioni-

25 1559 111 1602 bus
136 1558 370 1615 obligavit,
409 1561 454 1601 et
473 1558 616 1601 eciam
637 1558 890 1613 deputavit,
914 1562 1050 1614 prout
1075 1559 1123 1602 in
1149 1559 1451 1604 instrumento
1478 1563 1586 1605 inde

24 1628 144 1672 facto
170 1641 251 1685 per
276 1640 464 1671 manum
515 1628 731 1671 Bet-nardi
757 1628 814 1671 de
846 1629 1144 1684 Marginibus,
1176 1629 1383 1686 ejusdem
1410 1632 1585 1676 domini

25 1699 227 1756 episcopi
253 1699 432 1746 notarii,
463 1698 645 1756 plenius
676 1699 949 1742 continetur.

84 1769 222 1826 Cujus
249 1772 379 1813 tenor
404 1770 506 1813 talis
532 1772 614 1812 est:

83 1914 214 1956 Auno
240 1912 472 1957 Dominice
522 1911 857 1956 lucar-nationis
895 1919 1001 1963 etc.;
1032 1919 1129 1956 acte
1177 1913 1242 1957 du
1268 1914 1298 1956 4
1324 1916 1419 1957 mai
1463 1915 1588 1959 1247

30 1982 75 2026 Τ.
104 1981 170 2032 II,
197 1997 246 2042 p.
277 1982 371 2026 633
388 1982 599 2044 j'usqu’cl
627 1982 674 2025 la
692 1982 785 2040 fin.

86 2124 233 2182 Hujus
283 2128 491 2182 preterea
534 2123 836 2180 reparacionis
875 2138 957 2168 seu
1005 2125 1295 2182 obligationis
1346 2129 1587 2174 extimaeio

28 2200 211 2241 centum
237 2196 529 2240 marcharum
554 2195 732 2251 argenti
757 2208 838 2251 per
862 2196 986 2252 ipsas
1014 2200 1167 2253 partes
1213 2193 1318 2241 cum
1344 2200 1589 2257 diligencia

27 2267 146 2311 facta
170 2267 270 2310 fuit.

86 2339 142 2382 Et
166 2338 353 2394 insuper
371 2337 534 2395 prefati
555 2336 732 2385 sindici,
770 2337 954 2380 nomine
983 2337 1053 2380 sui
1079 2340 1123 2380 et
1149 2338 1457 2393 predictorum
1484 2354 1587 2385 con-

29 2409 308 2453 sindicorum
335 2421 521 2451 suorum
548 2411 593 2450 et
637 2408 947 2451 universitatis
974 2409 1188 2463 predicte,
1225 2409 1482 2465 juramento
1521 2407 1588 2456 in-

30 2480 263 2536 terposito,
293 2480 379 2521 sub
400 2479 526 2522 omni
546 2481 591 2536 et
617 2479 820 2534 qualibet
840 2479 1185 2522 renunciacione
1204 2479 1316 2536 jurIS
1344 2485 1388 2524 et
1415 2482 1518 2526 facti
1545 2486 1590 2527 et

33 2551 224 2599 cautela,
269 2550 377 2592 dare
400 2551 444 2592 et
488 2549 664 2592 solvere
705 2549 1014 2604 promiserunt
1039 2550 1240 2604 predicto
1267 2551 1452 2596 domino
1473 2554 1584 2610 epis-

31 2635 144 2678 copo
170 2621 243 2664 vel
269 2620 414 2669 alteri,
444 2619 542 2676 ejus
567 2619 762 2662 utilitate
790 2622 834 2662 et
861 2609 1077 2662 mandato
1119 2622 1303 2676 petenti,
1353 2625 1590 2679 sexaginta
1638 2652 1641 2653 ν

22 2691 171 2742 ‚libras
199 2691 522 2746 melgorienses
548 2690 654 2732 hinc
678 2690 736 2732 ad
762 2689 842 2732 XV
869 2690 965 2732 dics
993 2690 1201 2745 proxime
1241 2693 1490 2744 venientes;
1522 2702 1590 2738 ress-

7 2761 263 2804 ‘mittentes
291 2760 440 2803 eidem
473 2761 613 2816 gratis
658 2763 702 2803 et
728 2762 980 2816 spontanea
1028 2760 1277 2810 voluntate,
1309 2764 1346 2806 si
1395 2765 1504 2822 quid
1532 2766 1590 2809 ab

7 2841 10 2844 ’
32 2832 206 2875 eisdem
231 2831 494 2874 hominibus
514 2831 588 2873 vel
614 2843 642 2874 a
667 2830 945 2886 quibuslibet
971 2843 1144 2880 eorum,
1171 2833 1349 2876 racione
1400 2837 1588 2891 predicti

33 2902 228 2958 pedagii,
254 2902 470 2944 hactenus
496 2901 593 2957 ipse
613 2901 686 2943 vel
706 2914 787 2957 pro
814 2914 866 2943 eo
893 2901 1009 2944 alius
1036 2902 1276 2957 exegisset,
1383 2939 1385 2941 .

4 2968 8 2969 ⁷
92 2974 146 3017 Et
172 2973 250 3020 sic,
275 2974 408 3028 prout
427 2971 741 3028 supradictum
761 2973 843 3020 est,
868 2973 1019 3026 partes
1040 2973 1239 3027 predicte
1261 2974 1472 3019 videlicet
1491 2990 1592 3033 pre-
