2205 3299
1206 263 1257 267 .--
1286 237 1373 280 3⁰6
1403 264 1453 268 -ψ

548 342 644 386 sine
666 343 1018 393 contradictione
1041 343 1256 399 qualibet.
1281 344 1378 399 jure
1407 359 1502 392 suo‚
1537 346 1754 388 usualiter
1777 350 1818 387 et
1847 334 2116 388 cursuali'ter

546 426 573 455 a
604 412 825 456 dictorum
870 413 1070 456 locorum
1098 413 1428 457 habitatoribus
1469 414 1608 457 tuisse
1635 418 1879 471 receptam,
1910 416 2111 471 graviter

544 485 864 540 conquerendo
885 485 940 526 de
966 484 1178 540 gentibus
1206 485 1386 532 nostris,
1419 499 1474 527 ex
1503 499 1556 528 eo
1576 486 1697 542 quod
1726 486 1768 527 in
1799 486 1929 529 dictis
1958 499 2111 529 senes·

543 554 685 598 calliis
713 558 757 597 et
783 555 912 597 terris
940 554 1163 610 prefatam
1206 559 1436 599 monetam
1465 557 1600 612 recipi
1650 556 1967 612 prohibebant,
2001 557 2112 600 ban-

541 627 612 668 nis
639 626 832 681 publicis
860 640 996 682 super
1022 626 1105 668 hoc
1133 626 1273 675 tacti&
1309 627 1530 683 prefatam
1569 630 1800 670 monetam
1860 627 2113 684 recipienti-

543 698 628 738 bus
673 696 840 739 multas
891 710 1032 752 penas
1086 697 1395 753 multipliciter
1450 698 1746 754 imponendo,
1801 698 2117 754 eamdemque

542 769 775 810 monetam
819 767 1097 823 aliquociens
1143 768 1472 815 transforando,
1504 782 1591 811 non
1645 769 1792 811 solum
1834 769 1878 810 in
1926 768 2111 825 prelatis

542 837 818 882 senescalliis
849 841 892 880 et
920 828 1063 886 terris,
1095 839 1175 881 scd
1202 838 1343 881 eciam
1372 839 1417 880 in
1460 839 1604 881 leudis
1625 842 1668 880 ct
1695 839 1963 882 r.·,troteudis
2000 839 2108 885 suis.
2197 848 2205 892 1

542 910 661 968 quod
683 909 870 965 gravius
899 923 997 952 csse
1033 909 1224 952 dicebat:
2194 917 2205 971 ᾗ

601 982 824 1026 Gentibus
851 981 1017 1023 nostris
1045 994 1068 1022 e
1095 984 1251 1024 contra
1277 981 1531 1023 dicentibus
1561 983 1789 1023 monetam
1812 980 1970 1036 prefati
1994 981 2113 1038 epis·
2192 972 2202 977 ⁸

539 1053 639 1109 copi
666 1053 790 1095 nullo
817 1066 898 1094 suo
924 1051 1036 1107 jure,
1061 1052 1142 1093 sed
1171 1064 1251 1106 per
1273 1052 1417 1094 solam
1440 1054 1641 1094 nostram
1663 1055 1708 1094 ct
1734 1052 2110 1107 predecessorum
2142 1071 2148 1073 ·

541 1127 798 1167 nostrorum
828 1122 1117 1165 toleranciam
1144 1122 1285 1165 fuisse
1312 1126 1542 1178 receptam
1577 1122 1623 1164 in
1650 1122 1780 1165 dictis
1816 1123 2106 1181 sencscallijs,

539 1198 585 1237 et
611 1194 811 1238 maxime
840 1196 1045 1248 tempore
1072 1206 1162 1249 quo
1189 1206 1341 1236 comcs
1367 1193 1559 1236 Tholose
1584 1227 1588 1231 .
1609 1193 1880 1236 comitatum
1907 1193 2110 1249 Melgorii

538 1267 596 1310 ad
626 1278 813 1308 manum
864 1277 995 1307 suam
1025 1264 1220 1313 tenebat;
1251 1264 1491 1319 presertim
1514 1277 1617 1306 cum
1640 1264 1842 1320 prefatus
1870 1264 2111 1321 opiscopus

537 1338 663 1381 nulla
690 1336 905 1380 domania
931 1335 1004 1378 vel
1045 1335 1223 1377 modica
1242 1334 1379 1377 feuda
1404 1335 1451 1377 in
1477 1328 1608 1378 dictis
1658 1334 1933 1379 senescalli's
1959 1339 2004 1378 et
2024 1339 2112 1379 ter·
2170 1343 2190 1374 ὲ

536 1410 598 1453 ris
623 1409 826 1455 haheret;
858 1410 903 1450 et
953 1406 1120 1448 multas
1142 1406 1254 1449 alias
1301 1406 1499 1448 rationes
1545 1407 1904 1461 proponentibus
1953 1409 2111 1450 contra
2174 1418 2180 1428 ·

536 1480 803 1536 episcopum
830 1479 1147 1523 memoratum:¹
1383 1473 1392 1477 ”
1910 1480 1916 1485 ’

596 1550 798 1593 Tandem
821 1562 917 1596 nos,
945 1548 1112 1591 auditis
1134 1549 1387 1591 rationibus
1409 1547 1652 1604 propositis
1681 1548 1927 1595 hincinde,
1954 1549 2110 1592 volen-
2172 1564 2191 1604 'j

535 1626 604 1664 tes
632 1621 781 1664 eidem
808 1620 1019 1675 episcopo
1047 1622 1104 1663 et.
1160 1619 1541 1674 contemplatione
1570 1632 1759 1675 persone
1810 1619 1978 1675 ipsius‚.
2002 1633 2103 1663 suc·
2157 1631 2167 1655 ··

534 1692 790 1736 cessoribus
818 1691 912 1733 suis
940 1694 984 1732 et
1010 1691 1204 1733 Ecclesie
1236 1690 1547 1745 Magaloncnsi
1575 1689 1720 1732 tacere
1745 1690 1937 1745 gratiam
1959 1691 2106 1746 speci-

533 1764 668 1811 alem,
700 1762 850 1805 eidem
877 1761 1086 1817 episcopo
1114 1763 1157 1803 et
1179 1761 1517 1803 successoribus
1540 1761 1634 1803 suis
1661 1764 1706 1803 et
1726 1761 1920 1804 Ecclesie
1947 1761 2100 1816 Maga-

532 1834 713 1878 lonensi
733 1833 1038 1877 concedimus.
1071 1845 1129 1874 cx
1155 1832 1308 1887 gratia
1334 1831 1536 1887 speciali,
1566 1832 1687 1888 quod
1716 1831 1892 1887 prefata
1919 1834 2106 1875 moneta
2159 1867 2177 1873 A.

532 1905 753 1960 Melgorii,
778 1905 824 1946 in
851 1905 948 1959 lege
977 1907 1019 1946 et
1047 1903 1242 1958 pondere
1280 1902 1523 1950 consuetis,
1553 1903 1599 1944 in
1630 1905 1720 1945 tota
1761 1902 1929 1945 diocesi
1955 1902 2106 1958 Maga-
2139 1919 2159 1963 2:

530 1975 709 2019 lonensi
735 1979 925 2018 tantum,
958 1978 1051 2017 tam
1077 1974 1122 2016 in
1152 1977 1268 2016 terra
1293 1973 1400 2016 dicti
1445 1973 1644 2028 episcopi
1700 1986 1840 2029 quam
1887 1972 2034 2016 feudis
2061 1976 2106 2015 ct

532 2047 802 2090 retroteudis
830 2046 938 2093 suis,
969 2059 1019 2088 ac
1042 2045 1208 2087 nostris
1235 2048 1280 2086 et
1305 2044 1405 2087 aliis
1432 2044 1813 2100 quibuscumque,
1858 2037 1950 2086 una
1999 2055 2102 2087 cum
2167 2036 2171 2094 [

533 2121 716 2162 moneta
749 2119 916 2164 nostra,
948 2116 1003 2158 ad
1056 2116 1259 2158 valorem
1301 2128 1434 2157 suum
1465 2114 1704 2170 recipiatur
1729 2115 1998 2157 cursualitcr
2046 2115 2115 2164 da,
2162 2154 2165 2168 ,

531 2192 694 2237 cetero,
726 2192 770 2231 et
796 2188 961 2230 habeat
987 2200 1171 2229 cursum
1200 2199 1334 2229 suum
1363 2186 1570 2232 liberum,
1619 2185 1861 2241 pacificum
1888 2189 1933 2228 ct
1976 2185 2103 2242 quic.-
2123 2185 2127 2187 ’

528 2265 645 2310 tum,
671 2260 768 2303 sine
788 2258 1141 2303 contradictione
1163 2260 1208 2300 et
1229 2257 1558 2313 impedimento
1574 2269 1877 2312 quocumque,
1907 2256 2102 2298 monetis
2127 2248 2131 2249 ⁷

528 2332 712 2380 nostris,
744 2331 929 2373 exclusa
955 2330 1142 2372 omuino
1195 2332 1286 2371 tam
1316 2328 1436 2370 dicta
1489 2331 1669 2375 moneta
1697 2327 1900 2381 Mclgorii
1951 2340 2114 2383 (pianr
2150 2356 2156 2389 ,1

529 2403 646 2450 aliis,
677 2402 722 2443 in
744 2402 874 2444 dictis
903 2400 1179 2443 senescalliis
1207 2402 1251 2441 et
1278 2399 1411 2441 terris
1442 2398 1607 2460 postris
1628 2411 1813 2440 cursum
1835 2409 1968 2440 suum
1996 2398 2114 2439 usu-⁷

530 2474 650 2516 alem
678 2476 721 2515 et
747 2473 941 2515 liberum
971 2472 1270 2526 imposterum
1297 2469 1532 2512 habituris.

588 2544 714 2594 Quod
743 2547 787 2585 ut
816 2546 964 2585 ratum
993 2545 1036 2584 et
1083 2542 1243 2583 stabile
1273 2543 1537 2596 permaneat
1584 2541 1631 2581 in
1662 2539 1881 2581 futurum.
1915 2551 2100 2594 presen--
2141 2563 2145 2584 ·.

527 2615 650 2656 tibus
682 2614 841 2656 litteris
870 2616 1072 2655 nostrum
1102 2612 1291 2654 fecimus
1311 2610 1480 2666 apponi
1507 2611 1722 2665 sigillum.
2095 2599 2110 2607 ”

590 2687 754 2727 Actum
781 2684 995 2730 Parisius‚
1036 2696 1155 2725 anno
1182 2681 1361 2724 Domini
1398 2683 1457 2723 M⁰
1486 2682 1536 2723 110
1563 2681 1838 2733 octogesimo
1879 2680 2078 2722 secundo

530 2769 687 2798 mense
715 2754 960 2798 decembri.

1086 2836 1183 2874 (Reg.
1207 2836 1244 2871 D,
1268 2835 1325 2865 101.
1349 2834 1409 2865 274
1432 2839 1478 2871 νὴ
1501 2834 1595 2865 edite
1615 2842 1680 2873 par
1700 2833 1865 2864 Get-main

839 2891 928 2921 dans
949 2890 1050 2922 Μήνη,
1073 2898 1132 2917 sm·
1148 2887 1192 2919 les
1208 2887 1379 2919 mannaim
1398 2886 1641 2928 sez'qneuriales
1660 2886 1701 2917 de
1719 2884 1883 2926 Melyueil
1895 2894 1928 2924 p.
1953 2884 2037 2924 126).
