2112 3555
759 329 981 372 -39-

85 437 206 480 dicto
253 437 530 485 Raimundo,
564 439 603 479 et
634 435 722 478 tuis
768 437 824 479 ab
851 424 976 478 omni
1003 435 1336 480 contradicente
1382 435 1566 481 homine
1611 439 1656 480 et:

85 507 284 556 femina,
315 507 363 549 in
388 507 557 563 judicio
585 510 629 550 et
655 510 786 550 extra
822 506 1064 563 judicium,
1095 507 1211 550 meis
1258 507 1459 563 propriis
1505 520 1662 564 sump-

83 578 230 627 tibus,
278 578 620 634 imperpetuum
657 577 755 633 jure
800 577 1064 620 deflendam
1204 578 1358 621 dando
1386 580 1431 620 et
1456 578 1659 622 cedendo

85 649 194 697 tibi,
224 649 343 691 dicto
370 649 420 692 R.
453 649 507 691 de
554 649 764 692 Gordone
849 649 1006 692 omnia
1031 648 1132 704 jura
1158 651 1202 691 et
1245 662 1406 692 omnes
1452 649 1659 692 acciones

85 719 378 762 michi...ch
424 720 558 768 meis,
590 720 636 762 in
684 723 776 762 toto
821 720 1080 775 supradicto
1126 733 1308 769 manso,
1357 720 1431 763 vel
1467 721 1515 762 in
1560 720 1659 776 ejus

85 790 285 846 juribus,
316 791 475 847 aliqua
500 804 638 833 causa

146 861 199 903 Et
224 864 534 917 competent-er
559 862 742 904 remitto
764 862 869 910 tibi,
899 863 1172 918 Raymuudo
1210 863 1427 919 emptori,
1455 865 1498 905 ct
1542 863 1657 909 tuis.

89 945 210 974 nunc
229 933 285 975 de
314 932 514 988 presenti
540 946 676 975 omne
702 932 774 988 jus
801 933 1130 980 dominicandi,
1163 937 1207 976 et
1234 947 1370 976 omne
1397 935 1658 990 dampnum

87 1003 211 1058 quod
239 1005 315 1051 tu,
348 1004 495 1046 dictus
523 1004 823 1060 Raymundus
846 1004 901 1046 de
948 1004 1180 1051 Gordone,
1211 1006 1286 1048 vel
1313 1006 1385 1048 tui
1431 1004 1587 1060 (blanc
1613 1004 1668 1046 de

90 1071 221 1129 0,0l)
250 1074 487 1122 dederitis,
514 1075 820 1117 sustinueritis
842 1075 915 1116 vel
942 1075 1080 1118 etiarn
1107 1076 1230 1131 passi
1258 1076 1455 1129 fueritis;
1487 1081 1532 1120 et
1569 1093 1666 1122 om-

91 1156 173 1186 nes
199 1158 427 1200 expensas
449 1158 563 1200 quas
593 1144 787 1187 feceritis
809 1146 856 1187 in
884 1145 1215 1195 deffendendo;
1246 1147 1402 1191 omnia
1422 1151 1467 1190 et
1487 1150 1668 1205 singula

91 1215 402 1270 suprascripta
428 1216 534 1262 tibi,
567 1216 888 1271 prenominato
916 1217 965 1259 R.
998 1217 1054 1259 de
1098 1217 1311 1261 Gordone
1351 1220 1668 1276 sollempniter

97 1284 361 1340 stipulanti,
393 1288 436 1328 et
464 1286 574 1334 tuis,
606 1286 794 1328 reddere
836 1289 877 1328 et
906 1287 1144 1330 restituere
1172 1287 1218 1329 in
1263 1289 1461 1332 solidum
1507 1304 1670 1347 expro-

95 1354 247 1403 mitt0;
279 1358 324 1398 et
349 1356 532 1398 credam
562 1356 641 1398 tibi
669 1359 711 1397 et
742 1357 830 1399 tuis
876 1350 1071 1412 simplici
1105 1359 1268 1406 verbo,
1301 1362 1345 1401 et
1388 1361 1561 1417 absque
1598 1375 1668 1404 sa-

94 1431 326 1469 cramento
354 1430 398 1469 et
423 1427 637 1475 testibus,
669 1430 713 1469 et
739 1428 828 1470 alio
853 1440 1019 1482 genere
1061 1429 1369 1484 prohacionis;

157 1496 209 1539 Et
236 1497 291 1540 de
320 1498 445 1540 omni
470 1497 568 1553 jure
595 1498 716 1554 quod
738 1511 840 1553 ego,
874 1498 1076 1554 prefatus
1098 1500 1165 1542 Bt.
1196 1500 1426 1549 venditor,
1452 1502 1598 1546 habeo

95 1565 143 1607 iu
170 1570 263 1611 toto
291 1582 450 1611 manso
490 1569 768 1625 supradicto,
800 1570 873 1612 vel
914 1570 961 1611 in
990 1570 1088 1625 ejus
1114 1570 1310 1626 juribus,
1342 1573 1416 1615 vel
1443 1587 1524 1629 pro
1550 1574 1665 1630 ipso,

98 1643 172 1685 vel
199 1641 298 1697 ejus
324 1640 582 1688 occasione,
614 1643 804 1696 excepto
833 1638 950 1696 dicto
983 1649 1114 1698 ysart
1141 1643 1195 1684 de
1224 1656 1313 1698 quo
1341 1644 1550 1699 superius
1597 1649 1666 1688 est

98 1714 217 1756 facta
240 1711 428 1759 mencio,
460 1711 631 1753 ratione
653 1712 726 1752 vel
748 1712 982 1754 occasione
1007 1713 1317 1768 proprietatis,
1349 1715 1667 1769 possessionis,

84 1782 421 1834 successionis,
453 1782 821 1830 substitucionis,
851 1783 1013 1840 legatis,
1038 1784 1348 1834 ususfructus,
1379 1786 1667 1836 donacionis,

102 1853 373 1910 empcionis‚
404 1852 720 1908 obligacionis,
768 1853 843 1896 vel
870 1854 959 1896 alia
1001 1867 1289 1911 quacumque
1317 1869 1454 1899 causa
1497 1857 1569 1900 vel
1603 1871 1672 1900 ra-
1709 1862 1716 1868 '

70 1921 74 1925 ’
101 1926 247 1972 tione,
279 1936 367 1979 que
395 1923 483 1965 dici
509 1923 582 1965 vel
631 1924 877 1979 excogitari
898 1927 1071 1979 potest,
1103 1938 1199 1974 me,
1238 1926 1465 1982 prefatum
1510 1929 1674 1972 Beren-

102 1996 280 2051 garium
308 1995 363 2037 de
401 1994 556 2043 Costa,
587 1995 718 2037 aliter
762 1995 832 2038 Br.
884 1996 938 2037 de
985 1996 1210 2040 Viridario
1249 2002 1585 2054 nuncupatum,
1629 2005 1674 2044 et:

103 2079 263 2109 omnes
315 2078 440 2107 meos
467 2065 800 2115 disvestiendo,
834 2069 898 2115 te,
954 2068 1208 2123 predictum
1258 2069 1308 2112 R.
1364 2070 1419 2112 de
1465 2070 1673 2115 Gordone

108 2140 382 2193 emptorem,
416 2139 460 2178 et
498 2150 656 2179 omncs
703 2140 803 2180 tuos
847 2138 1030 2193 penitus
1076 2139 1389 2188 investiendo,
1422 2144 1467 2184 et
1511 2156 1674 2186 verum
1739 2167 1743 2169 -

108 2207 346 2250 dominum
441 2210 489 2248 ut
536 2207 582 2248 in
609 2221 703 2249 rem
739 2210 866 2250 tuam
912 2209 1143 2264 propriam
1171 2213 1211 2252 te
1265 2210 1380 2254 facio
1471 2228 1479 2261 ;
1510 2215 1676 2257 consti-

108 2281 241 2321 tuens
268 2278 457 2333 insuper
484 2291 556 2319 me
604 2281 750 2321 totum
796 2292 1008 2322 mansum
1055 2281 1435 2336 supradictum...
1476 2298 1558 2340 pro
1597 2287 1670 2336 ¹te,

109 2349 227 2391 dicto
255 2349 304 2390 R.
331 2348 385 2389 de
410 2347 615 2390 Gordone
638 2352 856 2404 emptore,
885 2353 929 2392 ot
950 2353 1025 2392 tuo
1052 2352 1236 2393 nomine
1264 2354 1466 2408 precario
1488 2355 1670 2405 habere,

110 2423 285 2466 tenere,
333 2419 588 2473 possidere,
617 2433 854 2476 quousque
879 2424 949 2469 tu,
980 2422 1232 2477 prelibatus
1278 2424 1579 2480 Raymundus
1619 2428 1676 2469 de

109 2489 349 2535 Gordone,
381 2489 436 2530 de
464 2488 576 2544 ipsis
599 2491 642 2531 et
669 2490 724 2532 (10
771 2491 984 2534 omnibus
1030 2491 1126 2547 ejus
1169 2483 1365 2549 juribus,
1396 2497 1677 2552 corporalem

111 2559 449 2616 possessionem
464 2560 805 2615 apprehendere
827 2565 871 2604 et
898 2563 1129 2618 possidere
1151 2565 1322 2620 ceperis
1343 2580 1425 2621 per
1444 2570 1487 2610 te
1503 2568 1673 2624 ipsum;

107 2631 236 2691 ,quod
265 2629 497 2672 facturum
525 2633 565 2672 te
595 2631 695 2674 volo
723 2635 765 2673 ct
793 2634 959 2676 mando
1006 2637 1083 2677 tua
1110 2636 1295 2691 propria
1339 2639 1606 2682 auctoritate
1632 2644 1677 2683 et

81 2755 86 2759 ,
113 2701 289 2756 absque
305 2701 491 2743 licencia
517 2701 706 2757 alicujus
732 2703 960 2758 judicis

174 2771 229 2814 Et
271 2784 354 2826 pro
399 2771 689 2819 eviccione...
710 2774 860 2829 obligo
905 2775 985 2817 tihi
1088 2790 1159 2819 me
1187 2780 1231 2820 et
1251 2779 1407 2822 omnia
1434 2780 1553 2824 bona
1579 2795 1679 2836 pre-

115 2841 269 2884 sencia
293 2844 339 2884 et
365 2840 542 2890 tutura;
574 2843 637 2884 nil
663 2846 816 2886 autem
844 2845 939 2887 dixi
1025 2848 1272 2903 quominus
1318 2850 1473 2893 omnia
1499 2854 1543 2893 01
1587 2852 1679 2894 sin-

116 2912 223 2967 gula
247 2912 485 2954 obtineant
505 2914 678 2956 roboris
708 2914 981 2958 firmitatum
1001 2950 1008 2958 .

177 2981 271 3033 Que
299 2982 453 3025 omnia
479 2996 685 3032 servare,
716 2988 760 3027 ct
786 2987 1012 3029 custodire
1035 2990 1077 3030 et
1101 3002 1335 3045 nunquam
1363 2995 1676 3038 contravenire
