2205 3299
1170 74 1338 117 -452
1376 101 1418 105 —-

518 185 663 240 sigillo
691 185 833 240 ipsius
855 183 1002 226 Ginoti
1032 182 1273 238 signatam,
1303 185 1353 224 ut
1379 182 1528 237 prima
1552 181 1664 224 facie
1691 180 1956 236 apparebat.

577 255 714 311 Cujus
740 258 868 298 tenor
896 254 997 297 talis
1019 257 1100 297 est:

575 399 839 442 Reverendo
879 399 923 440 in
951 398 1127 444 Christo
1155 397 1270 453 patri
1305 410 1356 440 ac
1382 397 1566 440 domino
1593 411 1690 446 suo,
1721 397 1970 440 venerabili
1996 397 2079 439 do-

516 470 639 512 mino
668 469 953 525 Berengario,
980 469 1058 511 D-si
1085 468 1229 524 gratia
1272 468 1580 523 Magalonensi
1608 468 1834 524 episcopo,
1884 466 2073 510 Gi'notus

514 542 569 583 de
598 542 739 583 Piano
790 540 1070 587 domicellus,
1126 539 1320 582 salutem
1347 542 1391 581 et
1442 539 1643 595 seipsum
1672 552 1775 581 cum
1827 540 2072 593 augmento

513 612 656 666 gratie
684 614 728 654 et
754 612 952 654 honoris.

574 683 784 725 Intellexi
809 682 931 738 quod
958 682 1186 738 proponis,
1217 682 1290 724 die
1317 681 1433 737 jovis
1456 681 1680 737 proxima,
1710 676 1829 737 apud
1873 683 2071 723 castrum

513 757 570 799 de
593 755 807 810 Veyruna
832 747 1034 809 accipere
1055 753 1291 808 albergam
1314 756 1357 795 et
1384 752 1737 807 recognitionem
1764 755 1809 794 et
1827 753 1955 808 (za)
1971 765 2075 795 con-

512 826 710 870 dominis
731 828 776 867 et
795 824 1104 880 compariariis
1139 824 1269 873 meis,
1301 824 1393 872 ubi,
1436 823 1699 866 infirmitate
1727 814 1956 871 detentus,
1984 836 2072 866 non

510 901 666 953 potero
694 895 992 952 personaliter
1030 895 1264 944 interese-Q
1296 895 1351 936 de
1380 908 1471 951 quo
1516 908 1608 936 non
1656 894 1831 955 modico
1858 894 1989 936 doleo
2015 894 2073 936 ob

512 968 650 1010 vestri
680 966 983 1009 reverentiam
1011 968 1055 1007 et
1082 978 1300 1008 amorem.

569 1039 623 1081 Et
648 1039 754 1080 ideo
782 1037 912 1079 mitto
939 1037 1045 1079 illuc
1066 1036 1345 1079 Gahlardum
1374 1036 1589 1078 Bernardi
1618 1036 1673 1078 de
1720 1037 1887 1079 Escura
1930 1036 2075 1079 domi-

512 1110 694 1158 cellum,
724 1122 827 1151 cum
878 1108 1056 1165 ydoneo
1102 1108 1421 1163 procuratorio,
1452 1107 1509 1149 ad
1561 1107 1643 1149 hec
1662 1121 1755 1150 una
1803 1121 1907 1150 cum
1959 1107 2073 1150 meis
2100 1120 2103 1121 ⁷

511 1180 795 1237 compariciis
822 1179 1186 1234 adimplendum;
1219 1178 1458 1221 notificans
1485 1181 1636 1221 vestre
1664 1179 1924 1234 paternitati
1945 1192 2075 1222 reve-

512 1253 666 1300 rende,
716 1251 836 1306 quod
864 1263 967 1292 cum
1008 1249 1135 1292 fuero
1163 1249 1344 1292 sanitati
1371 1248 1621 1298 restitutus,
1652 1249 1775 1306 quod
1803 1263 1884 1305 per
1919 1249 2072 1305 ipsum

509 1323 791 1367 Gahlardum
819 1335 956 1377 super
983 1320 1086 1377 hiis,
1121 1333 1220 1363 meo
1248 1320 1446 1369 nomine,
1492 1323 1642 1363 actum
1671 1320 1809 1363 fuerit
1833 1321 1891 1364 ad
1934 1321 2073 1364 vestri

515 1394 744 1441 noticiam,
768 1392 1046 1448 approbabo;
1071 1405 1235 1446 rogans
1268 1394 1445 1434 tantum
1469 1389 1624 1449 [quod]
1654 1395 1805 1434 vestra
1824 1391 2073 1447 paternitas

507 1464 763 1508 reverenda
796 1477 866 1505 me
895 1476 1032 1518 super
1057 1462 1146 1504 hiis
1172 1462 1339 1504 habeat
1365 1465 1648 1504 excusatum.

574 1536 627 1578 Et
654 1534 820 1591 siquid
850 1532 1084 1577 volueritis
1112 1546 1185 1575 me
1229 1533 1469 1582 facturum,
1499 1546 1602 1575 cum
1632 1533 1799 1577 fiducia
1826 1534 2074 1577 demande-

508 1607 581 1655 tis;
614 1608 796 1662 paratus
837 1605 958 1647 enim
1005 1617 1106 1646 sum
1135 1606 1284 1646 vestre
1313 1603 1581 1659 benignitati
1609 1618 1688 1659 pro
1715 1604 1890 1648 viribus
1934 1605 2074 1648 hobc-

512 1678 621 1720 dire.
2138 1732 2144 1736 -

571 1750 709 1791 Duret
735 1750 887 1790 vestra
912 1746 1163 1789 dominatio
1189 1747 1268 1789 diu
1294 1746 1416 1802 apud
1438 1747 1582 1789 Deum
1603 1749 1648 1788 et
1673 1746 1882 1789 homines
1902 1746 1948 1788 in
1974 1760 2074 1789 om·
2115 1767 2139 1778 ν

510 1820 555 1861 ni
578 1819 838 1862 reverencia
864 1821 910 1860 et
935 1818 1119 1861 honore.

566 1891 731 1932 Datum
753 1890 873 1944 apud
902 1890 1171 1944 Roquetam,
1197 1888 1270 1931 die
1298 1888 1455 1931 martis
1482 1890 1587 1930 ante
1613 1888 1953 1944 carniprivinm.

572 2033 745 2075 Obtulit
767 2032 910 2076 eciam
934 2032 1080 2073 dictus
1108 2031 1361 2074 Gahlardus
1388 2031 1603 2073 Bernardi
1630 2032 1864 2088 quoddam
1902 2032 2067 2075 instru-
2118 2073 2127 2077 -

509 2107 715 2146 mentum
759 2103 1007 2159 publicum,
1038 2102 1093 2145 ad
1123 2101 1380 2144 faciendum
1428 2101 1569 2144 fidem
1597 2116 1677 2144 sue
1723 2102 2064 2158 procurationis,

505 2175 760 2218 confectum
813 2187 949 2216 manu
1002 2173 1182 2215 Martini
1233 2173 1289 2215 de
1315 2173 1443 2228 Rupe
1488 2173 1657 2228 publici
1702 2174 1879 2222 notarii,
1936 2178 2070 2230 prout
2107 2198 2119 2207 π

508 2246 645 2288 etiam
666 2245 763 2301 ipse
790 2244 1011 2287 Martinus
1032 2257 1181 2287 coram
1211 2244 1370 2286 eodem
1393 2244 1578 2286 domin'o
1612 2244 1824 2300 episcopo
1844 2245 1930 2288 fuit
1966 2259 2070 2288 con-

507 2319 670 2359 fessus.

568 2387 704 2442 Cujus
732 2390 861 2429 tenor
883 2386 984 2429 talis
1011 2389 1093 2429 est:

567 2530 697 2570 Anno
725 2527 957 2570 Dominice
985 2528 1308 2570 Incarnationis
1335 2528 1578 2570 millesimo
1604 2528 1916 2572 ducentesimo
1941 2534 2067 2573 octu-
2091 2563 2097 2568 .

505 2599 706 2656 agesimo
734 2611 867 2645 nono,
912 2598 1081 2640 scilicet
1107 2598 1180 2640 Vll
1226 2599 1328 2640 idus
1356 2598 1587 2647 februarii,
1618 2600 1804 2642 domino
1854 2600 2065 2657 Philippo

504 2684 611 2727 rege
636 2670 912 2712 Francorum
940 2672 1169 2724 regnante.
1199 2683 1251 2712 ac
1278 2669 1462 2712 domino
1491 2670 1758 2725 Berengario
1778 2671 2079 2726 Magaloneu·,

512 2742 547 2784 si
577 2740 788 2796 episcopo
816 2740 1090 2794 presulanle.
1113 2753 1195 2794 ego
1217 2740 1405 2782 Ginotus
1432 2740 1488 2782 de
1515 2741 1654 2783 Piano
1681 2741 1962 2790 domicellus,
1987 2742 2066 2784 d:-
