1991 3279
861 297 916 304 --
943 272 1059 316 1086
1089 297 1143 307 --

287 381 346 421 De
376 379 607 427 fidelitate,
652 391 790 434 qnam
819 391 971 421 comes
998 392 1025 421 a
1068 377 1279 420 Villelmo
1305 374 1508 431 requirit,
1538 374 1790 431 judicatum

225 452 293 492 est
319 450 352 491 si
407 464 558 492 comes
586 450 774 506 ydoneis
806 449 995 492 testibus
1042 451 1233 505 probare
1261 447 1426 503 poterit
1476 447 1532 489 de
1559 448 1635 502 (z
1650 447 1790 503 quod)

225 521 478 568 Yillelmus9
511 524 638 576 pater
665 520 814 575 hujus,
848 534 948 563 eam
978 520 1134 563 fecerit
1159 520 1231 562 vel
1277 517 1589 573 recognoverit
1615 531 1716 561 eam
1743 531 1791 561 se

224 591 368 634 facere
389 593 552 634 dehere
600 592 886 647 Melgnriensi
917 592 1088 641 comiti,
1139 592 1222 634 iste
1250 590 1476 633 Vilelmus
1504 589 1637 632 faciat
1689 589 1793 631 huic

224 663 391 711 comitL
424 677 525 705 cum
554 664 650 718 ipse
704 664 864 712 honor,
904 677 1040 718 quem
1088 663 1310 705 Vilelmus
1339 661 1473 703 debet
1517 661 1684 703 habere
1712 673 1793 716 per

223 735 450 780 comitem,
482 735 657 777 venerit
684 735 728 776 in
759 738 980 789 potestate
1008 735 1185 778 comitis
1207 734 1279 776 vel
1306 746 1476 785 amore.
1511 731 1600 789 [vel
1629 723 1790 785 morte]

223 807 323 850 avie
348 821 427 848 sue
455 806 699 849 comitisse.

282 879 443 921 Comes
470 881 623 920 autem
675 878 731 920 de
753 882 900 920 cetero
939 877 1295 933 melguriensem
1323 880 1527 919 mentam
1575 876 1791 920 fabricare

225 964 313 991 non
364 949 508 995 laciat2
553 949 638 991 nisi
668 947 910 1007 [denarios]
940 950 995 992 de
1022 949 1223 1005 quinque
1269 947 1467 990 denariis
1494 948 1667 1003 argenti
1710 948 1793 990 fini

225 1025 268 1063 et
299 1021 533 1064 meilallias
551 1021 760 1063 similiter
780 1021 835 1063 de
852 1021 1054 1077 quinque
1082 1020 1280 1063 denariis
1307 1019 1482 1074 argenti
1509 1019 1591 1061 fini
1606 1020 1794 1076 pogesia
1839 1054 1842 1056 -

229 1093 394 1137 minus.
428 1096 471 1135 et
504 1093 659 1135 XXIIII
711 1093 922 1135 denarios
949 1092 996 1134 in
1036 1092 1181 1139 uncia,
1214 1095 1257 1133 et
1306 1092 1426 1133 XXV
1452 1092 1507 1133 (le
1548 1091 1788 1142 medalliis‚

228 1163 289 1221 [et
310 1165 355 1206 in
377 1166 454 1206 XX
497 1164 651 1207 solidis
680 1164 970 1207 denariorum
999 1164 1113 1206 (luos
1140 1166 1317 1206 tantum
1346 1163 1513 1205 solidos
1540 1163 1595 1205 de
1623 1164 1794 1206 medal-

224 1235 331 1294 liis];
364 1239 407 1278 ct
434 1240 483 1279 ut
510 1237 555 1277 in
584 1237 666 1278 hac
692 1237 790 1290 lege
819 1239 863 1278 et
891 1236 934 1277 in
967 1236 1051 1277 hoc
1083 1249 1219 1291 penso
1247 1235 1461 1290 deinceps
1502 1234 1645 1290 ipsam
1698 1249 1794 1278 mo-

230 1312 381 1349 netam
414 1311 575 1350 teneat.
604 1321 891 1363 pernimium
921 1307 1256 1362 Magalonensis
1284 1306 1498 1362 episcopi,
1529 1306 1721 1349 Domino
1748 1309 1792 1349 et

225 1379 437 1422 omnibus
466 1380 680 1422 fidelihus
707 1379 975 1422 Christianis
1003 1392 1083 1434 per
1109 1380 1444 1421 sacramentum
1474 1377 1637 1421 firmet.

982 1510 1078 1548 (Reg.
1096 1510 1131 1545 C,
1146 1509 1206 1540 fol.
1223 1508 1262 1539 96
1282 1513 1330 1546 v¹²;
1349 1508 1442 1539 edite

784 1572 849 1602 par
866 1563 1033 1594 Germain
1050 1563 1139 1594 dans
1160 1564 1248 1594 Cart.
1272 1560 1510 1594 deslGuillems
1529 1571 1562 1602 p.
1581 1562 1664 1601 105).

813 1808 979 1851 MCCII.
1013 1835 1065 1839 —
1098 1808 1210 1851 1176

274 1963 560 1999 Testament
581 1963 640 1998 de
661 1963 887 1999 Bertand
908 1963 1172 1999 Gauzmar.

288 2084 333 2124 In
379 2083 560 2124 nomine
606 2083 785 2125 Domini
826 2084 973 2126 Nostri
1012 2084 1151 2126 Jhesu
1191 2083 1368 2126 Christi.
1412 2084 1542 2126 Anno
1587 2083 1791 2139 ejusdem

227 2153 550 2196 Incarnationis
580 2155 821 2197 millesimo
867 2155 1113 2198 centesimo
1143 2155 1478 2211 septuagesimo
1530 2158 1674 2204 sexto,
1711 2167 1793 2209 ego

230 2225 500 2266 Bertrandns
532 2225 777 2269 Gauzmar.
810 2226 984 2281 positus
1011 2227 1056 2268 in
1083 2226 1365 2275 infirmitate,
1414 2240 1525 2269 sana
1551 2229 1702 2269 mente
1731 2229 1794 2268 ta-

232 2309 346 2337 men.
379 2299 423 2338 et
452 2311 550 2339 mea
579 2298 755 2352 plonius
786 2298 1018 2347 memoria,
1051 2299 1113 2341 sic
1141 2299 1349 2341 ultimam
1371 2299 1620 2341 volutatem
1642 2311 1794 2341 meam

232 2367 355 2408 l'acio.

290 2438 437 2480 Primo
483 2440 661 2482 dimitto
708 2455 867 2496 corpus
908 2455 1078 2490 meum,
1110 2456 1190 2497 pro
1236 2442 1481 2497 sepultura
1513 2441 1705 2487 Domino
1750 2444 1795 2484 et

230 2510 413 2551 ecclesie
442 2512 591 2553 Sancti
619 2512 737 2554 Petri
760 2513 814 2553 (lc
843 2514 1093 2568 Magalona.

289 2581 340 2622 Et
367 2581 543 2623 dimitto
568 2596 720 2625 mense
742 2584 1029 2626 dominorum
1067 2583 1417 2642 [canonicorum]
1439 2584 1661 2641 quidquid
1681 2583 1793 2640 juris

230 2651 373 2693 liabeo
401 2653 695 2695 Radun'mwmi
726 2656 780 2696 (lc
812 2656 991 2705 thois,
1023 2657 1192 2699 scilicet
1221 2656 1397 2698 tertiam
1424 2659 1600 2712 partem
1628 2656 1674 2698 in
1700 2657 1792 2698 toto

231 2735 388 2764 manso
417 2727 459 2764 et
488 2724 528 2764 in
559 2727 707 2770 cartis,
740 2728 923 2769 usaticis
953 2732 996 2770 et
1031 2728 1260 2776 dominiis,
1292 2727 1354 2771 ita
1383 2730 1532 2770 tamen
1558 2730 1609 2769 ut
1634 2740 1792 2782 procu-

230 2796 349 2834 rator
376 2807 530 2837 mense
554 2798 783 2849 poi-solvat
804 2799 930 2853 operi
959 2799 1166 2855 ejusdem
1188 2799 1374 2842 ecclesie
1397 2798 1556 2842 XXVII
1579 2798 1792 2841 sestarios

230 2864 458 2912 frumenti,
491 2880 604 2921 quos·
627 2867 688 2909 ibi
717 2869 859 2911 debeo
889 2884 966 2925 pro
996 2870 1250 2926 penitencia
1279 2884 1392 2919 mea;
1798 2916 1804 2923 ,

288 2935 340 2977 Et
366 2937 551 2979 ecclesie
587 2939 738 2981 Sancti
766 2940 958 2983 Romani
985 2942 1163 2985 dimitto
1212 2955 1372 2985 omnes
1412 2941 1622 2990 usaticos,
1678 2953 1791 2996 quos
