2107 3404
772 155 826 160 -
855 130 940 173 415
970 155 1022 160 -

112 252 194 295 pro
214 239 386 282 usatico
412 238 610 294 protalas
639 238 740 292 (sic)
775 250 912 280 unam
951 236 1183 292 gallinam,
1216 237 1391 279 nullum
1418 238 1675 280 dominium

112 310 260 364 eidem
288 312 557 365 portantem.

172 381 284 423 Item
311 383 355 422 et
382 394 477 428 nos,
507 379 735 423 Johannes
780 378 919 422 Salas
947 382 990 422 et
1016 379 1159 422 Maria
1202 393 1317 422 uxor
1343 393 1425 422 sua
1451 380 1672 436 (zmea),

112 454 321 494 tenemus
348 451 434 493 ΙΙΙΦΕ
464 451 612 506 pecias
641 453 755 493 terre
789 464 890 492 cum
920 463 1078 492 earum
1124 450 1430 509 pertinenciis,
1462 464 1575 506 quas
1596 451 1677 494 ha-

111 523 273 565 bemus
301 522 345 564 in
372 523 510 565 Podio
537 521 725 567 Yinalis,
758 525 802 563 et
823 522 1130 577 supradictam
1168 521 1401 576 gallinam,
1433 535 1571 577 quam
1600 536 1673 565 su-

112 593 301 650 pradicti
328 593 542 648 conjuges
569 593 678 634 dant
706 592 835 635 nobis
863 607 942 648 pro
971 593 1156 640 usatico,
1188 595 1238 634 ut
1264 592 1472 648 superius
1500 592 1672 636 dictum

111 668 192 712 est,
218 667 262 707 et
287 665 344 706 VI
370 664 579 707 denarios
607 663 727 719 quod
755 665 972 720 (zquos)
994 664 1132 706 donat
1159 663 1289 706 nohis
1323 664 1513 718 singulis
1540 664 1672 708 annis

109 749 190 792 pro
217 735 388 779 usatico
417 735 713 789 Bercngarius
736 735 920 780 Merule.

167 807 366 858 Quarum
396 809 625 864 peciarum
674 811 788 851 terre
817 821 909 850 una
934 807 1244 850 confrontatur
1269 822 1371 851 cum
1400 810 1591 852 carreria
1616 810 1672 852 de

109 878 284 933 Ligoira
311 882 353 922 et
379 893 483 921 cum
512 879 701 922 flumine
729 867 893 927 Avezffl
924 879 1013 921 alia
1039 879 1348 921 confrontatur
1373 893 1475 922 cum
1503 880 1671 923 vineali

109 950 156 992 B.
182 950 344 999 blame,
370 954 414 993 et
439 964 542 993 cum
570 953 701 993 ovete
723 950 993 1001 (zoliveta)
1015 950 1081 991 Jo.
1107 949 1325 992 Oumechi
1348 951 1556 1000 condam;
1582 951 1672 994 alia

107 1020 416 1063 confrontatur
441 1035 544 1064 cum
566 1022 685 1064 dicta
707 1021 841 1064 vinea
868 1021 974 1063 Ben.
1006 1020 1169 1068 Manie,
1201 1023 1243 1063 ct
1269 1034 1372 1063 cum
1400 1024 1519 1064 terra
1552 1022 1671 1064 Alla-

105 1092 224 1134 zacie
248 1093 446 1135 mande
475 1093 801 1147 (L—Morrude).

165 1163 218 1206 Et
237 1176 318 1219 pro
340 1163 552 1218 predictis
592 1164 799 1219 proxime
826 1163 1137 1211 conirontatis,
1171 1166 1427 1206 teneremus
1455 1167 1667 1211 (stene-

105 1234 227 1289 mur)
254 1233 399 1277 facere
429 1247 570 1276 unum
598 1234 834 1288 albergum
864 1235 1059 1276 duorum
1087 1234 1286 1276 militum
1316 1235 1508 1289 singulis
1535 1236 1666 1279 annis

105 1305 223 1348 dicto
244 1305 430 1348 domino
457 1305 686 1361 episcopo,
724 1319 826 1347 cum
855 1305 1083 1348 fuerimus
1107 1305 1327 1360 requisiti,
1361 1319 1412 1348 eo
1440 1307 1561 1362 quod
1592 1308 1662 1350 do-

105 1375 257 1418 minus
285 1376 553 1418 Guillelmus
587 1375 826 1418 Arcinaudi
855 1375 1048 1419 faciebat
1076 1379 1119 1418 et
1146 1375 1293 1418 iacere
1323 1378 1562 1419 tenebatur
1588 1392 1667 1433 pro

104 1446 191 1489 hiis
217 1460 305 1503 que
334 1446 612 1503 percipiebat
637 1447 684 1488 in
712 1446 944 1502 predictis.

162 1518 216 1560 Et
241 1519 370 1560 erant
390 1518 467 1560 illa
487 1531 575 1574 que
598 1517 890 1573 percipiebat:
922 1518 1008 1560 tria
1030 1518 1221 1560 sestaria
1243 1520 1660 1567 avenacensualia,

103 1591 148 1631 et
173 1589 261 1631 due
288 1589 469 1644 galline,
495 1591 539 1631 et
588 1588 678 1631 alia
701 1588 873 1643 gallina
898 1602 1037 1645 quam
1088 1588 1374 1644 percipiebat
1401 1603 1539 1645 super
1589 1590 1665 1633 illa

103 1672 293 1715 parrane
320 1659 552 1702 Michaelis
580 1660 635 1702 de
664 1659 938 1708 Resclausis‚
971 1662 1014 1701 et
1040 1660 1095 1702 Vl
1122 1660 1350 1708 denarios,
1381 1674 1494 1715 quos
1523 1661 1664 1716 perci-

102 1730 256 1785 piebat
282 1744 419 1786 super
467 1731 718 1787 quamdam
767 1731 971 1778 domum,
1022 1744 1160 1786 quam
1192 1733 1314 1773 tenet
1364 1732 1662 1786 Berengarius

101 1801 271 1844 Merule
299 1801 345 1843 in
371 1802 518 1844 barris
539 1801 646 1843 dicti
673 1801 825 1849 castri,
859 1814 948 1856 que
972 1801 1115 1844 eciam
1142 1801 1200 1843 ad
1246 1815 1328 1844 nos
1356 1805 1562 1857 spectant
1606 1818 1664 1845 ex

101 1872 381 1920 venditione,
413 1885 495 1928 per
522 1873 694 1914 dictum
722 1872 961 1914 dominum
990 1872 1060 1915 Gi.
1092 1873 1337 1915 Arcinaudi
1391 1873 1520 1916 nobis
1550 1873 1666 1916 facta

101 1942 158 1985 de
185 1943 414 1998 predictis,
447 1946 491 1986 et
517 1943 704 1999 insuper
729 1943 853 1999 quod
894 1943 1174 1998 percipiebat
1224 1944 1434 2000 quintum
1463 1944 1518 1985 de
1572 1958 1663 1987 una

101 2012 156 2055 de
179 2013 310 2056 dictis
338 2013 477 2070 peciis
499 2016 629 2062 terre,
663 2013 866 2056 medium
894 2014 1106 2069 quintum
1154 2014 1210 2056 de
1237 2014 1340 2056 alia.
1373 2015 1424 2056 Et
1451 2015 1558 2070 quia
1585 2016 1662 2058 do-
1720 2034 1726 2037 ¹

103 2084 254 2127 minus
305 2098 456 2128 comes
484 2085 556 2127 vel
609 2085 680 2127 sui
718 2085 849 2127 nobis
889 2085 1210 2133 laudaverunt,
1241 2085 1524 2128 retinuerunt
1574 2087 1661 2128 cibi

51 2162 53 2165 ’
101 2154 290 2211 (zsibi)
312 2158 356 2198 et
377 2155 471 2198 suis
492 2151 769 2204 dominium?
787 2155 1061 2198 laudimium
1087 2155 1131 2197 in
1159 2156 1372 2198 omnibus
1400 2160 1444 2198 ct
1470 2157 1660 2211 singulis

101 2226 388 2283 supradictis.

158 2297 270 2340 Item
301 2299 505 2340 tenemus
544 2297 794 2354 quamdam
824 2297 998 2353 peciam
1029 2300 1142 2340 terre
1172 2298 1215 2339 in
1246 2298 1466 2340 tert-Itorio
1495 2299 1549 2341 de
1578 2299 1659 2341 Ca-

50 2368 54 2371 ”
98 2368 203 2411 lidis
224 2367 381 2416 Abrix,
406 2367 737 2410 confrontatam
759 2381 862 2410 cum
892 2371 1010 2410 terra
1030 2369 1150 2411 Petri
1173 2369 1316 2415 Valla,
1349 2372 1392 2411 et
1414 2383 1517 2411 cum
1541 2372 1660 2412 terra

99 2438 271 2482 domini
299 2439 364 2481 Bt.
395 2439 451 2480 de
479 2438 747 2487 Resclausis;
780 2441 824 2481 et
858 2439 913 2481 de
965 2439 1051 2481 ista
1078 2442 1287 2481 tenemur
1314 2440 1500 2482 reddere
1528 2440 1659 2496 quin-

98 2512 197 2552 tum
223 2509 430 2551 omnium
457 2509 711 2556 bladorum,
745 2512 787 2551 et
839 2509 1121 2564 leguminum
1151 2513 1194 2552 et
1222 2524 1504 2552 racemorum
1551 2511 1657 2553 inde

97 2579 483 2635 proveniencium.

157 2650 268 2692 Item
290 2653 334 2692 et
359 2646 496 2693 aliam
525 2651 699 2706 peciam
746 2654 860 2693 terre
888 2651 1068 2699 olivete,
1101 2651 1234 2694 sitam
1287 2650 1342 2693 al
1369 2651 1522 2697 la'ocol.
1553 2666 1656 2694 con-

97 2719 340 2763 frontatam
367 2734 471 2763 cum
498 2721 574 2763 via
599 2735 690 2778 qua
717 2722 806 2763 itur
832 2736 993 2765 versus
1029 2723 1243 2765 Sanctum
1273 2722 1580 2770 Guillelmum,
1613 2725 1655 2763 ot

98 2804 200 2832 cum
230 2794 346 2833 terra
375 2791 420 2833 B..
454 2792 617 2834 Manie.
