2205 3299
1119 171 1168 175 ..-
1198 145 1284 186 :iis
1303 170 1363 176 Q-

462 248 548 292 sito
575 252 729 292 tamen
756 251 881 306 prius
920 263 1022 294 cum
1050 252 1307 300 criminoso,
1364 252 1481 295 infra
1507 257 1605 295 octo
1642 253 1755 302 dies,
1812 253 2052 302 videlicet,

461 334 489 363 a
508 320 580 363 die
608 320 836 376 capcionis
863 335 943 364 sue
971 321 1293 367 numerandos.
1444 327 1450 332 '

522 391 634 433 Item
655 392 777 446 quod
800 392 950 434 nullus
972 392 1235 448 pignoretur
1255 406 1336 448 pro
1356 392 1508 450 aliquo
1536 393 1764 437 forisfacto
1799 394 1850 450 vin
1872 394 2020 437 hobus

464 461 558 505 suis
584 461 659 504 vel
688 462 823 505 mulis
851 463 922 505 vel
951 459 1228 505 animalibus
1265 463 1449 517 grossis,
1481 464 1731 506 dummodo
1759 464 1817 507 sit
1837 467 2022 521 paratus

463 533 572 575 dare
592 532 682 576 alia
707 533 825 575 bona
853 534 1041 588 pignora
1067 533 1347 576 sufficiencia
1368 534 1424 576 ad
1453 534 1754 589 cognitionem
1780 535 1903 578 curie
1923 548 2022 591 pre-

461 603 593 646 dicte.
912 638 949 650 x
1402 598 1406 604 ⁵

520 676 632 717 Item
659 675 781 731 quod
807 687 910 715 eum
941 674 1091 716 nuncii
1120 688 1200 717 seu
1227 674 1432 718 bannerii
1454 675 1574 718 curie
1604 676 1803 731 predicte
1837 672 2023 719 Montis—

458 745 656 788 ferrandi
678 744 915 800 pignorare
936 744 1137 801 aliquem
1156 745 1386 788 hominem
1408 746 1604 801 predicte
1620 746 1761 788 Vallis
1782 746 2023 789 habuerint

458 816 631 859 ratione
652 815 805 864 banni,
825 828 986 858 census
1008 829 1089 858 seu
1118 815 1294 864 usatici,
1313 830 1393 859 seu
1418 816 1641 864 laudimii‚
1661 818 1708 858 in
1728 809 1895 872 cluilius
1916 816 2022 859 dieti

457 887 667 931 homines
694 885 862 928 tuerint
887 886 1074 928 obnoxii
1109 887 1229 929 curie
1263 901 1344 930 seu
1371 889 1515 929 castro
1559 887 1787 942 predictis,
1818 887 2024 943 spacium

458 957 721 1016 quindecim
747 956 924 999 dierum
951 956 1214 1000 hominibus
1260 957 1474 1013 predictis
1501 957 1580 1014 qui
1631 958 1902 1013 pignorandi
1927 957 2023 1001 fue-

455 1029 559 1077 rint,
590 1028 648 1071 ad
698 1027 1069 1070 satisfaciendum
1108 1040 1189 1083 per
1235 1025 1400 1070 dictam
1441 1028 1630 1076 curiam,
1684 1031 1788 1071 ante
1815 1027 2031 1084 pignora·-

458 1099 629 1142 tionem
655 1098 905 1154 predictam
925 1098 1197 1152 assignetur;
1231 1098 1310 1154 qui
1337 1099 1375 1141 si
1401 1099 1520 1141 infra
1542 1098 1794 1154 predictum
1816 1099 2027 1155 spacium.

459 1169 677 1213 sol-verint
703 1169 776 1211 vel
798 1168 1098 1211 satisfecerint
1124 1182 1204 1224 pro
1226 1169 1453 1224 predictis,
1476 1170 1652 1212 nunciis
1678 1169 1800 1212 curie
1822 1169 2029 1226 predicte·
2048 1218 2050 1220 v

453 1254 535 1296 pro
552 1239 768 1295 expensis
795 1239 869 1281 vel
895 1239 1156 1294 sumptibus
1183 1239 1321 1282 nichil
1350 1240 1456 1282 dare
1486 1241 1557 1282 vel
1585 1241 1777 1289 solvere,
1823 1241 1909 1283 nisi
1944 1241 2022 1283 de‘ss'
2102 1295 2105 1302 Ι

455 1324 585 1359 mum
611 1311 777 1366 elapsis
804 1309 936 1352 dictis
985 1310 1147 1353 diebus
1195 1311 1473 1367 quindecim,
1528 1314 1783 1353 teneantur.
1813 1311 1867 1354 Et
1916 1314 2028 1353 tune·
2052 1339 2069 1344 „⁴

453 1381 584 1438 juxta
610 1381 954 1424 extimationem
980 1381 1101 1424 curie
1129 1376 1498 1424 Montisierrandi
1542 1381 1774 1437 predictc-
1792 1381 2019 1436 predictos

456 1454 668 1508 sumptus
695 1454 739 1494 et
766 1465 992 1508 expensas
1020 1453 1197 1495 solvere
1226 1455 1480 1495 teneantur.

516 1523 628 1566 Item
656 1523 778 1578 quod
804 1523 956 1565 nullus
982 1526 1230 1566 conventus
1270 1536 1422 1565 coram
1475 1522 1662 1565 officiali
1689 1522 2018 1578 Magalonensi,
2044 1524 2049 1528 “

457 1594 641 1637 interim
668 1594 714 1635 in
741 1594 901 1636 eadem
928 1593 1146 1637 instantia
1193 1594 1350 1650 judieii
1377 1608 1458 1649 pro
1486 1594 1648 1636 eadem
1681 1600 1845 1642 causa,
1899 1606 2028 1636 com--

457 1665 653 1721 pellatur
678 1666 952 1720 respondere
974 1678 1125 1707 coram
1152 1667 1305 1707 nostro
1332 1664 1484 1720 bajulo
1507 1664 1759 1720 temporali.

518 1736 631 1778 Item
657 1736 776 1792 quod
819 1736 970 1777 nullus
1017 1735 1147 1777 miles
1174 1749 1255 1778 seu
1281 1736 1562 1784 domicellus,
1593 1736 1667 1778 vel
1693 1735 1858 1791 aliquis
1902 1735 2027 1779 alius:

455 1807 629 1850 habens
658 1807 775 1850 intra
792 1806 1152 1862 jurisdictionem
1179 1810 1383 1849 nostram
1427 1806 1796 1849 Montisterrandi
1823 1820 1901 1849 seu
1953 1807 2024 1849 in-

424 1871 427 1875 *
457 1878 528 1920 fra
549 1869 820 1921 comitatum
872 1881 1073 1920 nostrum
1116 1877 1485 1920 Montisferrandi
1535 1877 1738 1932 predicti,
1793 1878 2018 1920 usatieuni

455 1962 537 1992 seu
563 1949 750 1996 usatica,
775 1962 880 1991 cum
905 1938 1141 2003 contigerit
1183 1949 1267 1990 sub
1294 1948 1494 1990 dominio
1520 1948 1724 2004 ipsorum
1769 1949 2019 2004 possessio·

455 2033 537 2062 nes
563 2019 716 2067 vendi,
748 2032 829 2061 seu
859 2019 963 2067 emi,
997 2033 1076 2061 seu
1105 2019 1310 2067 distrahi,
1348 2022 1427 2061 seu
1477 2019 1608 2061 aliter
1640 2019 1862 2067 alienari,
1894 2018 2014 2077 [non]

455 2090 601 2146 possit
638 2089 862 2132 usaticum
890 2103 970 2131 seu
997 2089 1169 2142 usatica
1207 2092 1515 2143 augmentare:
1547 2089 1628 2131 sed
1677 2090 1789 2131 illud
1816 2089 1890 2132 vel
1940 2090 2021 2133 illa

451 2160 620 2204 habere
646 2160 962 2203 tantummodo
1006 2160 1129 2215 quod
1179 2161 1434 2212 continetur
1464 2160 1509 2201 in
1562 2160 1876 2203 instrumentis
1902 2161 2020 2203 auti-—

450 2232 570 2288 quis,
602 2231 674 2274 vel
700 2231 816 2273 sicut
840 2231 953 2273 alias
974 2230 1228 2287 antiquitus
1250 2233 1531 2290 receperunt,
1564 2231 1634 2272 vel
1664 2231 1779 2273 sicut
1805 2232 1862 2273 de
1913 2245 2039 2287 pre-¹

452 2302 584 2345 dictis
611 2302 975 2358 possessionibus
1014 2302 1250 2344 consuevit
1275 2301 1447 2349 haberi;
1478 2302 1539 2344 ita
1564 2302 1685 2358 quod
1735 2314 1896 2344 census
1923 2315 2013 2345 non

454 2373 605 2416 valeat
630 2372 929 2428 augmentari,
972 2373 1060 2415 nisi
1086 2372 1216 2415 fieret
1259 2373 1315 2414 de
1366 2372 1572 2428 parcium
1612 2373 1858 2420 voluntate,
1913 2372 2013 2415 sine

449 2445 606 2485 tamen
631 2443 878 2499 prejudicio
901 2447 944 2486 et
970 2444 1140 2486 lesione
1166 2442 1278 2498 juris
1317 2443 1472 2485 nostri.

511 2514 602 2556 Hec
627 2516 783 2556 autem
809 2514 964 2557 omnia
991 2514 1251 2569 supradicta
1278 2516 1321 2555 et
1361 2509 1551 2569 'singula
1576 2513 1791 2556 volumus
1818 2517 1863 2556 et
1912 2527 2015 2570 pre—

449 2584 643 2640 cipimus
671 2597 750 2640 per
775 2585 1042 2627 castellanos
1076 2587 1252 2627 nostros
1279 2584 1644 2626 Montisferrandi
1673 2584 2008 2640 imperpetuum

450 2654 645 2696 firmiter
663 2655 913 2698 observari.

510 2725 722 2768 Preterea
747 2726 959 2768 volumus
980 2726 1102 2781 quod
1141 2738 1339 2781 expense
1366 2728 1461 2768 tam
1486 2725 1606 2767 curie
1635 2728 1785 2768 nostre
1823 2725 2009 2768 Montis-

452 2795 667 2843 ferrandi,
695 2809 833 2852 quam
856 2796 1121 2838 nunciorum
1152 2799 1405 2837 nostrorum
1428 2795 1560 2837 castri
1589 2795 1777 2850 predicti
1798 2799 2012 2839 taxentur
