1991 3279
1001 317 1247 361 -816-

345 430 449 471 inde
478 428 647 470 laceres
676 428 743 469 vel
773 427 1017 468 sustineres
1045 425 1276 480 liugands„
1308 424 1477 467 litteras
1501 425 1799 479 impetrando,
1827 425 1897 467 vel

346 500 432 542 ulio
455 499 604 541 modo.
637 498 852 553 promitto
871 497 947 539 tibi
977 500 1020 540 et
1043 497 1131 539 tuis
1158 509 1258 539 cum
1288 496 1410 537 omni
1442 499 1517 538 tuo
1545 494 1698 550 (blanc
1716 496 1898 551 2cent.)

348 571 548 626 plenarie
578 570 809 611 resarcire.

408 644 491 684 Pro
518 641 683 696 quibus
706 640 920 681 omnibns
949 643 991 680 et
1037 638 1225 693 singulis
1270 637 1540 692 supradietis
1591 637 1897 680 attendendis.

348 712 581 755 servandis
598 715 640 753 et
666 711 961 766 complendis.
993 714 1037 753 et
1064 723 1143 765 pro
1171 709 1391 751 evictione
1415 708 1623 751 tolalivel
1641 708 1901 763 particulari

348 784 463 826 ‹liete
480 783 626 829 vinee,
659 782 693 823 si
713 795 911 837 unquam
930 781 1028 824 l'ieri
1045 781 1335 835 contingeret,
1363 779 1442 820 tibi
1458 782 1503 821 et
1524 778 1903 834 tuisintegraliter

349 854 641 896 restituenda.
668 853 748 894 tibi
790 852 1025 908 stipulanti
1053 851 1363 906 sollempniter
1389 853 1432 891 et
1461 850 1704 904 recipienti,
1753 849 1904 892 citica-

351 926 461 968 011οΡ
486 925 635 979 obligo
676 938 748 966 me
776 927 818 965 et
857 923 1007 965 omnia
1037 924 1150 965 bonu
1183 936 1280 964 mea
1309 920 1538 976 presentia
1565 923 1608 962 et
1653 920 1818 969 lutura,
1861 923 1906 963 et

352 997 430 1038 tibi
452 999 493 1038 et
517 996 603 1037 tuis
632 995 810 1037 remitto
836 994 907 1050 jus
929 999 973 1036 et
998 993 1310 1036 auctoritatem
1340 992 1657 1034 denunciandi.

410 1068 461 1110 Et
490 1081 578 1109 non
606 1066 689 1107 l'eei
718 1080 798 1108 nec
826 1066 1003 1108 taciani.
1030 1065 1125 1106 dixi
1154 1078 1234 1117 nee
1261 1063 1409 1105 (licam
1432 1063 1476 1104 in
1507 1063 1707 1104 l‘uturnm
1729 1076 1808 1118 per
1834 1075 1906 1105 me

352 1139 421 1181 vel
440 1152 519 1193 per
539 1138 693 1184 alium,
715 1137 959 1192 quominus
977 1135 1128 1178 omnia
1152 1138 1194 1177 et
1221 1135 1412 1189 singula,
1432 1134 1477 1175 in
1499 1134 1582 1176 hoc
1602 1133 1906 1176 instrumento

350 1212 574 1252 contenta.
607 1209 652 1249 in
693 1222 775 1250 sua
820 1221 1001 1263 semper
1030 1210 1328 1262 permaneant
1355 1206 1585 1252 firmitate:
1636 1204 1905 1247 renuncians

352 1295 488 1336 super
533 1280 764 1335 premissis
811 1279 1063 1334 specialiter
1089 1278 1212 1319 omni
1258 1276 1513 1332 exceptioni
1540 1277 1595 1319 (10
1640 1277 1812 1327 (1010...,
1864 1279 1908 1319 et

352 1352 621 1408 generaliter
642 1351 766 1393 omni
793 1351 903 1405 juris
930 1350 1100 1392 auxilio
1122 1352 1165 1391 et
1193 1348 1402 1404 presidio.
1428 1348 1593 1403 quibus
1630 1349 1783 1390 contra
1808 1361 1908 1403 pre-

356 1424 495 1465 missa
521 1423 592 1464 vel
620 1422 802 1478 aliquod
831 1422 1156 1477 premissorum
1185 1420 1340 1462 venire
1368 1432 1548 1475 possem
1576 1419 1621 1460 in
1647 1419 1799 1475 aliquo
1827 1432 1907 1461 seu

356 1495 483 1537 tueri

414 1567 506 1616 Que
534 1565 685 1607 (nimia
714 1568 757 1607 et
784 1564 961 1619 sipgula
988 1563 1260 1619 supradicta,
1293 1566 1341 1605 ut
1362 1562 1568 1617 superius
1595 1561 1713 1604 dicto
1741 1564 1847 1604 sunt
1866 1563 1911 1604 et

357 1641 528 1678 vocata.
561 1639 604 1677 et
632 1636 773 1678 eciam
814 1635 991 1682 melius,
1024 1635 1061 1677 si
1090 1634 1253 1676 molius
1281 1633 1382 1682 diei,
1413 1632 1569 1682 notari,
1602 1632 1802 1687 intellige
1829 1646 1910 1674 seu

358 1708 645 1762 interpretari
698 1709 887 1762 possunt.
936 1706 1008 1748 vel
1036 1708 1248 1761 poterunt
1274 1705 1331 1747 ab
1376 1705 1528 1760 aliquo
1579 1703 1800 1759 sapiente,
1853 1705 1911 1746 ad

358 1782 483 1820 tunm
514 1782 783 1833 tuorumque
811 1778 1102 1820 commodum
1131 1779 1174 1818 et
1200 1776 1442 1818 utilitatem
1469 1775 1717 1823 attendere,
1738 1777 1906 1824 tenere,

357 1863 552 1893 servare.
585 1852 628 1891 et
655 1850 880 1904 complere
908 1853 951 1890 et
978 1861 1211 1904 nunquam
1232 1850 1383 1890 eontra
1412 1846 1566 1888 venire
1606 1846 1836 1901 promitto,
1866 1849 1911 1889 et-

355 1922 453 1977 juro
482 1935 617 1976 snper
638 1924 791 1962 sancta
818 1920 896 1962 Dei
925 1919 1173 1974 evangelia,
1199 1932 1225 1961 a
1245 1931 1318 1960 me
1345 1917 1635 1973 corporaliter
1656 1919 1785 1960 tacta.

416 1994 582 2035 Horum
614 1995 718 2034 sunt
768 1994 905 2034 testes
935 1991 1076 2046 rogati
1128 1990 1382 2032 Bernardus
1433 1988 1611 2031 Ricardi
1640 1989 1696 2031 de
1740 1989 1910 2044 Campo

360 2079 476 2107 novo
503 2077 725 2119 cainpsor,
749 2064 942 2106 jacobus
964 2064 1020 2105 (10
1049 2062 1186 2104 Ponto
1214 2061 1431 2108 scderius,
1467 2063 1511 2102 et
1530 2074 1613 2115 ego
1639 2060 1909 2103 Guillelmus

358 2138 411 2178 ‹le
440 2136 684 2191 Felgueriis
708 2135 905 2178 notarius
934 2135 1260 2190 iilt'rascriptus.

419 2281 523 2321 Post
551 2279 630 2321 hee
671 2279 830 2321 eodem
881 2279 969 2326 die,
1000 2277 1127 2334 quasi
1173 2276 1478 2323 incontinenti,
1512 2289 1592 2318 nos
1638 2274 1912 2317 Bertrandus

361 2351 543 2392 Mathei.
575 2350 781 2392 nl't'ieialis
804 2354 847 2391 et
875 2352 1134 2404 procurator
1159 2348 1383 2403 generalis
1405 2347 1577 2390 domini
1605 2345 1804 2402 episcopi
1820 2345 1913 2388 Ma-

359 2422 616 2473 gabinensis
637 2422 693 2463 ad
722 2422 1015 2468 laudandum,
1049 2435 1125 2475 pro
1152 2434 1204 2463 eo
1232 2422 1273 2461 et
1296 2434 1376 2461 suo
1404 2418 1600 2466 nomine,
1626 2416 1911 2459 venditiones

360 2496 405 2533 et
424 2493 536 2533 alias
558 2505 866 2547 qnaseunnlne
888 2491 1183 2534 alienationes
1213 2490 1568 2546 possessionum,
1593 2490 1909 2531 contentarum

361 2564 444 2604 sul)
462 2577 541 2604 sua
556 2563 879 2617 jurisdictione,
900 2563 1131 2605 certificati
1149 2563 1202 2604 (10
1222 2561 1467 2617 prescripta
1487 2559 1746 2603 venditione
1761 2558 1910 2614 ipsam

363 2634 682 2680 venditionem,
715 2638 757 2676 et
784 2634 933 2676 omnia
980 2637 1023 2676 et
1051 2634 1223 2688 singula
1266 2633 1309 2673 in
1338 2646 1390 2674 ea
1434 2634 1642 2673 contenta
1669 2629 1763 2673 tibi.
1794 2628 1912 2671 dicto

362 2705 545 2747 domino
571 2706 749 2753 Jacobo,
782 2706 964 2747 nomine
991 2719 1080 2760 quo
1120 2718 1272 2760 snpra,
1297 2704 1552 2750 laudamus,
1583 2701 1906 2757 approbamus,

365 2775 641 2817 ratificamus
663 2779 705 2817 et
732 2778 1068 2825 confirmamus

423 2848 687 2889 Asserentes
715 2850 752 2888 et
801 2848 1067 2890 confitentes
1115 2861 1206 2895 nos,
1257 2846 1439 2888 nomine
1485 2858 1574 2901 quo
1625 2856 1774 2898 supra,
1799 2855 1825 2884 a
1874 2843 1916 2883 te

364 2918 576 2959 habuisse
604 2921 647 2959 et
669 2919 895 2973 recepisse
936 2920 1012 2961 XX
1053 2919 1219 2961 solidos
1247 2921 1289 2960 et
1317 2929 1456 2959 unum
1485 2914 1719 2958 denarium
1749 2912 1918 2967 melgo-

367 2988 536 3031 rienses
564 3003 646 3044 pro
691 2989 876 3031 consilio
904 2994 948 3032 et
998 2990 1229 3038 landinum
1279 2989 1324 3030 in
1351 2988 1518 3043 quibus
1545 2984 1800 3041 exceptioni
1826 2996 1916 3025 nou
