2107 3404
742 295 961 339 -91-

3 417 18 426 ⁸
78 417 250 463 mundo
275 401 445 458 Marchi
482 410 635 464 legum
680 402 949 461 professore,
973 395 1121 441 Florio
1147 392 1264 449 Agni
1309 387 1524 433 canonico
1549 386 1638 429 Ru-

80 485 289 534 thenensi
314 481 497 529 officiali
524 473 851 533 Magalonensi,
882 484 933 515 ac
958 467 1149 512 Fredolo
1190 465 1245 506 de
1276 462 1381 505 Sala
1408 459 1553 515 judice
1584 456 1640 499 de

84 559 236 607 Salve3
261 555 428 613 quibus
479 552 583 594 data
610 547 848 590 dicebatur
874 542 1078 598 potestas
1122 535 1179 579 ad
1195 539 1270 589 (z
1283 532 1359 586 ab)
1387 530 1498 586 ipsis
1543 539 1643 583 par-

90 631 212 674 tibus
239 628 294 670 de
339 624 543 683 11111310-
556 619 699 675 ipsius
745 613 920 669 negocii
948 607 1233 666 inquirenda,
1265 607 1310 646 et
1335 602 1390 644 de
1442 598 1576 642 modo
1603 599 1648 639 et

88 714 175 744 usu
197 700 389 752 longevo
439 706 519 750 per
545 689 799 733 districtum
850 685 1002 739 ipsum
1029 672 1395 722 Montisl'errandi
1424 671 1481 713 ab
1530 667 1642 723 ipsis

93 769 356 814 hominibus
384 759 661 808 transeundi:
695 771 774 813 pro
802 770 847 798 se
876 756 919 796 et
946 747 1280 795 successoribus
1308 743 1400 786 suis
1445 744 1642 782 transac-

88 842 280 887 tionem,
311 848 469 893 pacem
497 847 576 876 seu
603 827 903 873 concordiam,
942 818 1205 876 hujusmodi
1234 813 1524 870 stipulatione
1552 808 1650 865 pul-

87 912 183 955 vim
196 913 300 953 ento
326 906 435 950 fidei
462 901 740 948 sollemniter
764 897 988 941 roborata,
1020 889 1297 933 inhiverunt:

156 980 377 1023 Videlicet
401 975 523 1033 quod
544 972 751 1015 homines
777 962 1088 1010 universitatis
1114 958 1314 1015 predicte
1341 954 1449 997 ville
1505 947 1660 993 Sancti

100 1051 281 1096 Martini
308 1050 363 1092 de
390 1045 584 1090 Lundris
611 1045 655 1085 et.
680 1041 777 1096 ejus
806 1036 1035 1080 districtus
1063 1035 1108 1074 et
1135 1024 1462 1071 mandamenti,
1493 1024 1535 1064 et
1587 1032 1660 1062 eo-

100 1136 199 1166 rum
222 1119 401 1175 singuli.
429 1121 520 1160 tam
542 1126 688 1157 mares
709 1122 849 1167 quam
870 1106 1053 1152 lemine,
1076 1101 1155 1159 qui
1170 1112 1290 1141 nunc
1311 1098 1416 1139 sunt
1435 1093 1508 1136 vel
1530 1091 1661 1134 erunt

105 1196 150 1237 in
180 1194 381 1235 futurum
409 1190 454 1230 in
483 1187 601 1228 dicta
627 1183 737 1225 villa
761 1180 833 1222 vel
862 1177 958 1233 ejus
985 1174 1190 1216 districtu
1217 1183 1299 1212 seu
1326 1163 1658 1209 mandamento

101 1265 362 1308 habitantes
383 1263 426 1303 et
452 1260 593 1301 larem
616 1254 846 1297 iacientes,
872 1252 917 1292 ct
937 1262 1007 1290 res
1030 1256 1186 1288 eorum
1207 1239 1409 1297 quelibet
1432 1233 1665 1278 transeant

107 1339 152 1378 et
178 1333 367 1378 transire
395 1329 583 1386 possint,
615 1337 732 1366 nuuc
759 1325 800 1363 et
828 1319 1181 1374 imperpetuum,
1212 1325 1294 1367 per
1319 1308 1490 1350 dictum
1511 1305 1660 1347 locum

111 1409 166 1451 de
189 1403 384 1450 Matellis
405 1403 448 1443 et
470 1412 549 1455 per
570 1400 714 1439 totum
735 1391 991 1434 districtum
1011 1384 1146 1428 castri
1167 1375 1538 1424 Montist'errandi
1558 1385 1663 1416 cum

116 1479 251 1521 rebus
278 1474 371 1517 suis
399 1468 692 1527 quibuslibet,
723 1462 853 1505 liberi
881 1463 924 1503 et
956 1460 1187 1501 immunes
1214 1453 1271 1495 ab
1291 1479 1303 1490 .
1322 1448 1447 1492 omni
1479 1443 1671 1502 pedagio

116 1546 387 1603 etqualibct
416 1539 692 1598 prestatione
714 1533 910 1591 pedagii:
940 1531 1002 1573 ita
1028 1525 1237 1569 videlicet
1267 1520 1390 1577 quod
1441 1518 1496 1559 de
1540 1515 1676 1556 rebus

117 1619 210 1663 suis
236 1613 530 1673 quibuslibet,
561 1622 674 1665 quas
702 1617 855 1648 secum
883 1603 1028 1645 serent
1054 1601 1132 1641 aut
1158 1609 1240 1652 per
1267 1607 1314 1636 se
1346 1593 1425 1633 aut
1451 1600 1555 1630 cum
1581 1583 1678 1627 ani-

119 1689 316 1734 malibus
337 1685 446 1731 suis,
465 1683 539 1724 vel
567 1678 742 1725 alienis,
773 1689 854 1718 seu
880 1686 994 1729 quas
1020 1670 1136 1713 alius
1164 1665 1357 1722 quilibet
1386 1661 1501 1703 feret
1527 1670 1606 1712 pro
1631 1666 1678 1696 se

118 1761 192 1803 vel
213 1771 315 1802 cum
337 1753 612 1799 animalibus
634 1749 742 1795 suis,
767 1747 840 1789 vel
862 1743 1022 1788 alienis
1050 1740 1197 1783 solum
1218 1735 1354 1778 modo
1376 1746 1422 1775 se
1444 1727 1674 1772 excusent.

176 1832 229 1874 Et
255 1828 377 1885 quod
398 1827 494 1882 ipse
516 1822 730 1865 dominus
751 1818 1006 1873 episcopus,
1031 1811 1105 1853 vel
1120 1809 1217 1864 ejus
1239 1804 1377 1848 futuri
1399 1808 1679 1844 successores

124 1900 322 1959 episcopi
348 1896 706 1951 Magalonenses,
739 1887 949 1945 predictis
998 1880 1256 1925 hominibus
1284 1876 1357 1917 vel
1406 1873 1541 1914 rebus
1586 1866 1681 1910 suis

88 2014 96 2018 .
128 1971 386 2017 molestiam
413 1967 628 2019 deinceps
656 1975 744 2004 non
780 1958 991 2003 inierant,
1022 1953 1139 1995 inl'ra
1158 1947 1411 2006 predictum
1433 1940 1688 1984 districtum

129 2042 262 2088 castri
288 2033 671 2084 Montist'errandi,
703 2029 893 2084 alicujus
921 2022 1102 2082 pedagii
1127 2020 1322 2063 racione.

183 2114 236 2156 Et
255 2107 440 2165 insuper
483 2106 606 2163 quod
649 2101 799 2145 omnis
845 2095 1082 2142 sententia,
1112 2086 1415 2134 interlocucio,
1459 2095 1540 2126 seu
1589 2092 1688 2135 pre-

124 2187 322 2241 ceptum,
346 2180 438 2223 lata
459 2191 540 2220 seu
562 2177 704 2218 latum
737 2185 818 2228 per
848 2170 998 2225 ipsum
1032 2163 1272 2206 dominum
1304 2156 1582 2210 Philippum,
1625 2162 1693 2191 se-

125 2254 374 2299 nescallum
395 2248 667 2306 predictum,
706 2242 779 2285 vel
806 2240 1005 2296 judicem
1032 2246 1182 2280 suum,
1213 2244 1294 2273 seu
1331 2228 1444 2270 alios
1470 2220 1697 2280 quoslibet

133 2325 305 2383 judices
329 2322 403 2364 vel
443 2316 761 2362 senescallum,
793 2312 848 2353 de
876 2307 1069 2352 levando
1098 2317 1173 2346 seu
1231 2297 1456 2353 exigendo
1507 2289 1700 2349 pedagio
1744 2305 1748 2308 ·

99 2428 101 2430 -
130 2410 212 2453 per
239 2396 388 2450 ipsum
415 2388 653 2432 «lominum
691 2384 956 2439 episcopum
984 2377 1057 2418 vel
1087 2388 1206 2420 suos,
1238 2385 1265 2414 a
1291 2365 1502 2425 predictis
1553 2360 1699 2404 homi-

132 2467 266 2511 nibus
293 2467 336 2506 et
368 2463 503 2505 rebus
531 2459 623 2501 suis
651 2455 773 2511 apud
808 2450 1028 2495 Matellas,
1084 2457 1212 2487 cassa
1239 2455 1319 2484 seu
1345 2448 1539 2482 cassum,
1569 2432 1696 2475 irrita

134 2551 214 2581 seu
241 2535 418 2578 irritum
447 2529 625 2586 penitus
666 2527 900 2569 habeatur,
932 2522 973 2561 et
1026 2516 1194 2559 nullius
1222 2510 1387 2554 valoris
1441 2506 1624 2551 existat,
1656 2503 1725 2555 et,

136 2607 259 2664 quod
286 2599 486 2661 pignora,
511 2601 641 2655 capta
663 2597 721 2639 ab
750 2594 860 2650 ipsis
884 2588 1147 2633 hominibus
1170 2597 1251 2640 per
1271 2583 1442 2624 dictum
1465 2575 1704 2618 dominum

141 2677 407 2734 episcopum
435 2672 508 2713 vel
536 2684 657 2716 suos,
713 2664 953 2708 occasione
982 2651 1194 2714 '‘prs-dicti
1224 2650 1420 2708 pedagii,
1474 2647 1613 2689 libere
1665 2643 1709 2683 et

140 2749 312 2805 absque
364 2740 642 2799 prestacione
667 2734 879 2793 peccunie
908 2730 1204 2773 restituantur
1230 2723 1341 2779 ipsis
1375 2716 1652 2762 hominibus,
1684 2725 1711 2753 a

111 2838 115 2842 ·
144 2817 310 2875 quibus
337 2814 494 2866 habita
516 2811 698 2853 fuerant
724 2810 768 2850 et
802 2804 1001 2858 accepta;
1033 2801 1077 2841 et
1110 2795 1418 2850 fidejussores,
1449 2781 1711 2842 hujusmodi

146 2888 325 2931 racione
346 2882 532 2938 accepti,
557 2879 851 2923 absolvantur
877 2876 921 2916 et
943 2870 1125 2927 penitus
1146 2865 1408 2908 liberentur;
1440 2862 1483 2901 et
1504 2857 1593 2899 sint
1613 2866 1713 2909 pre-

149 2957 257 3001 dicti
283 2954 506 3001 homines,
538 2949 789 2994 secundum
816 2958 869 2987 ea
895 2955 987 2999 que
1018 2937 1220 2995 predicta
1265 2934 1383 2980 sunt,
1415 2930 1463 2971 in
1514 2926 1649 2983 plena
1673 2924 1718 2965 et

763 3010 780 3026 .
