2107 3404
786 147 835 152 -
870 121 1035 164 423-

128 228 193 270 ris
220 230 265 270 et
290 228 501 271 territorii
552 229 606 271 de
637 225 681 270 ἰὰ
717 227 917 277 Μαῖὶηα;
944 231 988 271 et
1033 241 1114 285 pro
1140 227 1217 270 illo
1244 241 1330 270 usu
1358 231 1402 271 et
1453 228 1689 284 expleehia

131 302 286 341 teneor
330 299 437 342 dare
466 313 546 356 pro
591 313 730 342 censu
757 299 815 341 VI
860 299 1071 342 denarios
1123 298 1447 354 melgorienses
1497 299 1542 340 in
1570 299 1685 343 festo

132 369 272 413 sancti
300 371 546 419 Michaelis;
579 375 623 413 et
651 371 780 412 illum
808 384 941 412 usum
970 372 1013 411 et
1040 369 1323 425 expleehiam
1369 372 1500 412 teneo
1528 370 1687 413 simili·

130 445 202 484 ter
226 441 273 483 in
299 441 564 497 accapitum.

188 512 299 554 Item
328 516 457 554 teneo
486 526 512 555 a
540 512 658 555 dicto
687 512 871 554 domino
900 513 1126 568 episeopo,
1176 512 1349 555 ratione
1402 512 1507 554 dicti
1533 513 1681 561 castri,

127 583 241 626 XIIII
266 583 475 626 denarios
498 583 822 638 melgorienses
849 596 964 639 quos
994 583 1138 625 habeo
1160 596 1241 638 pro
1261 582 1449 631 usatico‚
1475 596 1565 626 non
1585 597 1686 639 por-

127 657 274 698 tantes
302 654 438 696 michi
465 654 718 696 dominium
746 653 929 709 aliquod
954 667 1099 709 neque
1128 653 1398 697 laudimium
1425 653 1471 695 in
1498 653 1685 711 quibus-

125 725 233 768 dam
259 725 388 768 terris
411 725 667 781 Bereugarii
694 725 878 773 Merule,
910 728 953 767 et
992 725 1210 768 Johannis
1243 724 1382 768 Salas
1410 729 1455 769 et
1498 726 1685 769 Duranti

126 795 343 839 Dulciani.
375 799 419 838 et
444 809 559 851 quos
587 796 784 851 percipio
812 796 870 837 ab
897 795 978 838 eis.

185 867 296 909 Item
324 870 363 909 et
393 867 641 922 quamdam
671 867 845 922 peciam
868 870 998 914 terre,
1023 881 1163 923 quam
1185 870 1317 909 teneo
1343 867 1473 923 juxta
1501 870 1684 923 pontem

124 939 179 986 de
207 938 372 984 Aveza‚
403 937 730 980 controntatam
760 951 817 980 ex
857 937 1085 980 occidente
1108 951 1211 980 cum
1239 938 1406 993 riperia
1431 938 1487 980 de
1515 939 1679 986 Aveza,

123 1012 168 1051 et
197 1022 274 1064 pro
303 1009 378 1051 illa
405 1011 558 1050 teneor
585 1009 759 1051 solvere
782 1009 797 1050 I
825 1008 1068 1051 denarium
1097 1009 1288 1063 singulis
1316 1010 1447 1052 annis
1475 1023 1555 1064 pro
1581 1023 1684 1051 cen—

125 1093 177 1121 su
207 1079 252 1122 in
279 1079 396 1122 dieto
425 1078 553 1121 festo.
579 1083 623 1121 et
648 1079 774 1122 illam
805 1083 932 1122 tenco
956 1082 999 1121 in
1029 1080 1296 1135 accapitum.

182 1151 292 1193 Item
321 1153 364 1192 et
391 1150 497 1193 ΙΙΙΙ·’Γ
548 1150 772 1193 (Ιοιῑᾶπίος.
805 1164 919 1206 quos
950 1150 1146 1205 percipio
1174 1165 1254 1205 pro
1284 1151 1453 1193 usatico
1481 1165 1507 1194 a
1550 1153 1681 1195 Petro

123 1221 317 1269 Vallani,
357 1224 401 1264 et
427 1234 568 1262 unum
615 1222 849 1263 cartallum
896 1235 1039 1263 avene
1068 1221 1278 1264 annuale.
1310 1235 1446 1277 quem
1499 1223 1680 1265 solvunt

123 1293 260 1335 michi
287 1292 594 1348 Resplandina
621 1292 883 1334 Gerardiani
930 1293 984 1334 de
1015 1292 1248 1339 Brissiaco,
1281 1306 1359 1348 pro
1403 1293 1677 1349 quibusdam

123 1363 262 1419 peciis
290 1366 331 1405 te
353 1362 495 1417 (decla.
522 1363 550 1404 4
577 1368 712 1417 cent.)
735 1365 827 1405 stro
848 1364 903 1405 de
930 1363 1164 1409 Brissiaeo,
1196 1366 1239 1404 et
1266 1376 1379 1418 quas
1414 1376 1683 1418 recognove-

122 1437 227 1478 runt
247 1435 364 1476 dicto
391 1435 577 1476 domino
599 1435 810 1489 episcopo
838 1437 882 1476 et
910 1434 1040 1476 vobis
1088 1448 1167 1489 pro
1194 1434 1294 1489 ipso
1321 1433 1463 1490 (decb.
1489 1434 1520 1477 3
1545 1441 1680 1489 cent.)

122 1506 254 1549 dictis
277 1509 431 1548 tencor
465 1506 638 1548 solvere
668 1506 742 1547 VII
776 1506 947 1550 obolos,
981 1505 1025 1546 in
1054 1505 1244 1559 singulis
1264 1505 1410 1552 annis,
1442 1506 1559 1548 dicto
1604 1506 1683 1547 do-

118 1577 241 1621 mino
269 1577 479 1632 episcopo
505 1580 550 1618 et
576 1576 669 1618 suis
698 1577 742 1617 in
763 1576 883 1618 dicto
920 1576 1051 1619 festo.

178 1650 229 1692 Et
256 1649 315 1691 ha
340 1647 482 1703 (decla.
526 1647 559 1688 2
585 1650 718 1701 cent.)
766 1647 1126 1702 recognitionem
1164 1648 1262 1690 dico
1290 1651 1335 1690 et
1380 1661 1533 1690 assero
1578 1661 1677 1690 esse

119 1733 292 1768 veram;
324 1723 368 1762 et
394 1719 431 1762 si
453 1719 582 1774 plura
604 1719 765 1761 scirem
792 1732 881 1775 quc
908 1733 934 1760 a
955 1719 1072 1760 dicto
1094 1719 1278 1760 domino
1305 1720 1517 1775 episeopo
1557 1722 1679 1761 tene-

118 1806 231 1839 rem,
262 1792 357 1834 sive
380 1791 500 1846 quod
530 1804 608 1846 hro
639 1790 850 1845 predictis
880 1790 1025 1832 faeere
1062 1790 1291 1837 deberem,
1322 1790 1433 1832 illud
1463 1790 1563 1845 plus
1615 1790 1678 1832 fa-

117 1876 264 1906 cerem
293 1862 444 1905 eidem
472 1865 514 1902 et
544 1875 924 1915 recognoscerem.
963 1875 1065 1903 eum
1093 1862 1149 1902 ad
1187 1861 1276 1902 mei
1306 1862 1516 1903 notieIam
1545 1862 1678 1903 deve-

116 1936 282 1976 nireut.

176 2005 229 2048 Et
250 2018 335 2061 pro
364 2005 574 2060 predictis
600 2005 815 2047 omnibus
851 2004 1135 2051 fidelitatem,
1167 2008 1210 2046 et
1237 2018 1290 2046 ea
1316 2018 1402 2059 que
1431 2006 1515 2046 sub
1559 2004 1674 2060 jura-

117 2079 272 2118 mento
303 2075 531 2117 fidelitatis
559 2075 858 2122 continentur,
894 2075 1037 2122 vobis,
1069 2076 1187 2117 dicto
1214 2076 1398 2117 domino
1425 2076 1555 2117 Petro
1577 2089 1676 2130 pro-

115 2147 322 2193 curatori,
355 2150 404 2188 ut
430 2147 598 2188 dictum
629 2150 709 2193 est,
745 2146 924 2188 nomine
953 2145 1057 2188 dicti
1099 2146 1270 2187 domini
1298 2146 1495 2201 episcopi
1523 2149 1566 2188 et
1595 2160 1674 2201 pro

118 2218 216 2273 ipso
244 2217 477 2273 recipienti
504 2221 547 2259 et
568 2218 818 2273 stipulanti,
850 2217 1061 2272 promitto
1083 2219 1125 2258 et
1152 2217 1265 2271 juro;
1297 2220 1341 2258 et
1369 2217 1568 2272 insuper,
1594 2230 1674 2272 pro

115 2288 327 2344 predictis
355 2289 598 2343 expressis.
632 2303 709 2344 pro
738 2289 904 2343 quibus
934 2287 1076 2329 lacere
1107 2291 1258 2330 teneor
1289 2287 1549 2342 homagium
1598 2301 1674 2330 ex-

117 2372 325 2414 pressum
354 2362 397 2401 et
417 2360 632 2406 divisum,
665 2362 704 2401 et
729 2358 1030 2413 singulariter,
1059 2358 1191 2400 flexis
1232 2359 1425 2413 genibus
1447 2360 1490 2400 et
1508 2359 1673 2413 junctis

117 2429 349 2477 inanibus,
381 2429 643 2484 homagium
674 2430 786 2471 facio
814 2429 942 2471 vobis
966 2429 1084 2471 dicto
1111 2429 1401 2484 procuratori,
1434 2432 1482 2471 ut
1502 2429 1672 2471 dietum

112 2503 196 2547 est,
228 2500 460 2555 recipienti
488 2513 539 2542 ae
567 2501 710 2543 eciam
738 2500 985 2555 stipulanti.

173 2642 224 2683 Et
251 2655 330 2684 nos
356 2642 475 2684 idem
500 2646 759 2698 procurator
782 2643 1009 2698 predictus
1034 2644 1400 2699 recognitionem,
1433 2647 1481 2685 ut
1500 2644 1667 2686 dictum

112 2714 195 2759 est,
226 2713 468 2768 recipimus
496 2716 539 2756 et
575 2717 878 2769 acceptamus,
911 2715 1038 2756 salvo
1083 2715 1127 2756 in
1173 2715 1509 2769 0111=1il›usju1·.2
1562 2716 1665 2756 dieti

113 2782 285 2824 domini
313 2783 509 2838 episcopi
540 2788 584 2826 et
611 2798 812 2827 suorum.
