1991 3279
997 138 1227 180 w:560w

334 241 471 288 callis,
504 242 734 296 parrochie
762 243 817 283 de
840 244 1075 292 Bauccllis‚
1118 244 1375 299 recognovit
1403 244 1521 286 dicto
1547 244 1808 292 castellano,
1832 255 1881 285 se

332 312 495 354 debore
524 312 630 355 dare
658 313 750 367 regi
777 315 820 354 et
847 313 942 368 ejus
964 315 1086 356 curie
1110 315 1264 363 Salvii,
1296 316 1340 356 in
1371 315 1500 357 tertio
1521 329 1639 357 anno
1662 317 1881 370 perpetuo

334 396 412 438 pro
439 383 651 429 caslania,
686 397 822 426 unam
849 385 1050 427 eminam
1071 385 1231 435 civate,
1257 399 1397 443 quam
1427 386 1636 441 promisit
1663 385 1852 428 solvere.

391 455 567 500 Actum
601 458 735 496 testes
763 457 806 496 et
833 455 1034 498 notarius
1064 459 1111 498 ut
1137 470 1284 512 supra.

1214 599 1308 636 (neg.
1331 598 1363 632 F,
1385 598 1441 627 fol.
1459 598 1519 628 346
1537 600 1595 635 Ψ).

389 711 559 751 chx.
594 737 645 740 —
675 712 804 753 Anno
851 716 894 753 et
921 711 992 752 die
1020 712 1184 766 quibus
1230 725 1382 766 supra,
1414 712 1570 753 Petrus
1597 712 1651 752 de
1702 710 1874 755 Mauso,

328 781 560 835 parrochie
582 782 637 824 de
659 781 893 827 Baucellis,
921 782 1175 837 recognovit
1211 782 1329 824 dicto
1356 782 1599 824 castellano
1627 795 1674 823 se
1714 780 1877 822 debere

328 852 433 893 dare
460 852 553 905 regi
581 855 624 894 et
650 852 746 907 ejus
792 852 911 894 curie
960 853 1112 900 Salvii.
1146 854 1191 894 in
1236 852 1367 895 tertio
1394 866 1513 895 anno
1542 854 1759 907 perpetuo
1798 863 1878 906 pro

327 923 539 964 caslania.
560 936 697 965 unam
725 923 922 966 eminam
945 923 1103 971 civate‚
1135 936 1273 978 quam
1302 923 1509 978 promisit
1535 923 1723 965 solvere.

383 995 560 1041 Actum,
592 997 727 1036 testes
749 997 792 1035 et
821 994 1019 1036 notarius
1043 997 1090 1035 ut
1118 1007 1269 1050 supra.

1207 1114 1303 1174 (neg.
1326 1136 1357 1171 F,
1378 1136 1435 1166 foi.
1456 1136 1514 1166 347
1530 1140 1583 1173 ru).

380 1250 571 1292 CMXXI.
605 1275 656 1279 —
680 1251 809 1291 Anno
831 1253 875 1291 et
901 1249 973 1291 die
994 1249 1160 1305 quibus
1187 1263 1338 1305 supra,
1368 1249 1638 1292 Guilielmus
1666 1249 1721 1291 de
1750 1248 1870 1291 Man—

320 1335 384 1367 so,
417 1320 654 1376 parrochie
682 1321 737 1362 de
761 1320 994 1367 Baucellis‚
1027 1321 1283 1376 recognovit
1311 1320 1430 1362 dicto
1459 1320 1702 1363 castellano
1729 1333 1777 1362 se
1797 1320 1875 1362 de-

320 1392 427 1433 here
455 1391 561 1433 dare
584 1392 675 1446 regi
702 1395 746 1433 et
772 1391 868 1446 ejus
907 1392 1028 1434 curie
1056 1392 1213 1440 Salvii,
1244 1391 1290 1433 in
1316 1392 1447 1434 tertio
1473 1405 1592 1434 anno
1635 1394 1869 1446 perpetuo,

319 1476 399 1518 pro
446 1462 658 1510 caslania,
690 1476 827 1504 unam
856 1462 1056 1504 eminam
1083 1463 1244 1512 civate‚
1274 1476 1414 1520 quam
1441 1462 1649 1517 promisit
1675 1463 1868 1504 solvere.

375 1536 551 1576 Actum.
586 1536 720 1575 testes
742 1536 786 1575 et
813 1534 1012 1575 notarius
1043 1537 1091 1575 ut
1119 1547 1272 1589 supra.

1224 1676 1320 1714 (ch.
1343 1676 1375 1708 F,
1395 1676 1453 1706 iol.
1474 1676 1533 1705 347
1559 1682 1616 1713 Ψ).

376 1778 585 1820 chxfl.
619 1805 669 1808 —
695 1780 826 1820 Anno
854 1781 895 1819 et
923 1779 994 1819 die
1039 1778 1204 1834 quibus
1233 1791 1382 1832 supra,
1412 1778 1638 1819 Johannes
1666 1778 1721 1819 de
1773 1777 1871 1819 Cla·

316 1862 506 1897 ressaco,
528 1849 758 1905 parrochie
787 1849 925 1890 Vallis
947 1849 1256 1903 Pompiniane,
1289 1849 1546 1903 recognovit
1575 1848 1691 1890 dicto
1713 1849 1874 1891 castel-

319 1922 418 1970 lano
446 1936 493 1964 se
521 1922 685 1963 debere
726 1922 831 1963 dare
860 1921 950 1976 regi
992 1923 1036 1962 et
1062 1919 1158 1975 ejus
1184 1919 1304 1961 curie
1333 1919 1490 1967 Salvii,
1521 1919 1567 1960 in
1596 1920 1724 1962 tertio
1751 1933 1873 1961 anno

318 1996 550 2048 perpetuu,
584 2007 660 2047 pro
688 1991 899 2035 caslania,
938 2004 1074 2032 unam
1103 1990 1303 2032 eminam
1324 1991 1464 2038 ordei,
1496 2003 1634 2045 quam
1663 1991 1868 2046 promisit

313 2063 502 2105 solvere.

374 2135 552 2181 Actum,
579 2138 713 2176 testes
735 2138 779 2176 et
801 2135 1000 2176 notarius
1024 2136 1070 2174 ut
1091 2147 1240 2188 supra.

1196 2277 1292 2313 «fleg.
1317 2276 1347 2311 F„
1366 2276 1423 2305 iol.
1443 2275 1504 2306 348
1522 2278 1574 2312 r·).

371 2389 599 2432 chxlll.
622 2414 673 2417 —
697 2390 825 2429 Anno
848 2389 891 2427 et
902 2386 974 2427 die
995 2386 1160 2441 quihus
1182 2398 1333 2439 suffla,
1352 2385 1508 2427 Petrus
1529 2387 1746 2433 Andreas,
1765 2398 1866 2440 paz-

314 2461 460 2503 rochie
477 2461 530 2501 de
547 2459 800 2510 Quinciaco,
820 2457 1077 2511 recognovit
1098 2457 1215 2498 dicto
1230 2456 1473 2498 castellano
1500 2469 1547 2498 sc
1571 2456 1735 2498 dehere
1757 2457 1863 2499 dai-z>

318 2535 410 2585 regi
431 2535 475 2572 ct
495 2531 590 2585 ejus
617 2530 737 2572 curie
760 2529 916 2576 Salvii,
941 2528 986 2569 in
1008 2527 1137 2569 tertio
1157 2539 1276 2569 anno
1296 2529 1527 2581 perpetuo,
1548 2540 1628 2582 pro
1648 2527 1859 2576 caslania,

311 2615 449 2645 unam
476 2601 672 2643 eminam
700 2600 859 2647 civ-ate,
901 2612 1038 2654 quani
1066 2597 1272 2652 promisit
1298 2597 1486 2639 solvere.

371 2675 546 2719 Actum,
580 2674 715 2713 testes
731 2674 774 2712 et
801 2671 1001 2712 notarius
1029 2674 1074 2711 ut
1104 2681 1252 2723 supra.

1234 2770 1335 2807 (Βίης.
1352 2769 1384 2805 F,
1403 2769 1459 2801 toi.
1477 2769 1537 2799 348
1553 2774 1610 2807 Ψ).
