2112 3555
819 231 1041 275 -15-

149 338 204 386 de
231 329 461 379 Breissaco
488 335 574 378 sibi
600 335 766 379 faceret
789 337 1168 392 recognicionem‚
1199 340 1298 397 ipse
1332 342 1545 390 dominus
1565 346 1714 393 Haen·

146 408 289 455 ricus,
332 408 541 462 paratus,
589 406 746 449 volens
779 409 823 449 et
865 411 1119 463 protestans
1163 413 1518 469 recognicionem
1565 405 1712 464 tacere

147 477 477 533 supradictam,
507 476 654 532 ipsam
697 478 889 520 eandem
933 481 1290 536 recognicionem
1335 485 1484 529 eidem
1529 488 1714 533 domino

147 548 360 604 episcopo
386 546 510 595 fecit,
541 549 585 588 et
610 547 656 588 in
683 547 861 603 scriptis
896 550 1083 593 tradidit
1108 565 1257 595 coram
1286 554 1581 614 infrascriptis
1627 563 1713 604 tes-

146 619 268 662 tibus
294 618 339 660 in
367 617 485 659 hunc
512 617 719 660 modum:

205 760 361 802 Pateat
372 759 626 807 universis,
651 762 744 802 tam
765 761 1051 823 presentibus
1078 777 1216 819 quam
1237 765 1416 816 futuris,
1442 770 1563 826 quod
1585 783 1705 815 anno

145 830 473 874 Incarnacionis
523 830 702 872 Domini
747 831 990 874 millesimo
1047 833 1360 879 ducentesimo
1418 842 1714 896 sexagesimo

146 901 303 949 tercio,
328 900 497 943 scilicet
516 901 574 943 IX
594 900 812 944 kalendas
834 902 964 950 maii,
989 916 1071 958 ego
1094 904 1365 956 mmm-icus,
1398 909 1521 953 filius
1542 912 1715 955 domini

143 972 321 1016 comitis
348 971 674 1020 Ruthenensis‚
705 974 749 1014 et·
776 972 987 1016 dominus
1014 974 1198 1018 baronie
1226 977 1281 1019 de
1322 979 1570 1030 Rocafolio²
1609 996 1712 1025 cum

144 1044 227 1086 hoc
254 1042 432 1099 publico
459 1042 781 1091 instrumento,
812 1043 1029 1086 confiteor
1054 1048 1099 1087 et
1138 1059 1405 1103 recognost
1446 1052 1599 1101 vobis,
1636 1053 1715 1096 do-

145 1114 269 1156 mino
296 1112 565 1168 Berengario
593 1112 789 1160 Fredoli‚
821 1113 1032 1170 episcopo
1075 1116 1412 1171 Magannensi,
1442 1121 1626 1166 domino
1670 1127 1715 1166 et

141 1184 296 1227 comiti
323 1183 525 1238 Melgorii
553 1186 597 1225 ct
622 1183 1011 1233 Momasson-andi,
1043 1187 1278 1242 recipienti
1305 1191 1488 1234 nomine
1515 1192 1712 1238 Ecclesia

143 1255 295 1298 Sancti
316 1255 434 1297 Petri
477 1255 532 1296 dc
577 1254 833 1308 Magalona,
864 1269 936 1297 me
983 1259 1134 1300 tenere
1161 1271 1188 1300 a
1231 1261 1362 1303 vobis
1407 1262 1453 1303 in
1497 1263 1707 1314 feudum,

143 1327 324 1380 nomine
351 1326 467 1367 dicte
504 1325 696 1366 Ecclesic
726 1327 765 1366 el
795 1325 852 1366 ab
881 1325 982 1380 ipsa
1002 1327 1220 1378 Ecclesia,
1252 1330 1425 1374 ratione
1472 1335 1712 1379 comitatus

140 1398 343 1455 Melgorii
376 1400 420 1440 et
446 1394 833 1443 Montisferraiidi,
863 1399 1062 1439 castrum
1090 1399 1145 1440 dc
1175 1400 1405 1445 Breissaco
1432 1417 1514 1459 pro
1557 1408 1706 1460 parte,

139 1475 184 1514 et
228 1473 372 1512 turres
399 1471 443 1510 et
487 1466 750 1513 fortalicias‚
799 1479 912 1521 quas
970 1467 1137 1517 habco,
1169 1472 1299 1513 teneo
1328 1475 1372 1514 et
1415 1474 1627 1528 possideo
1665 1477 1711 1518 ist

139 1543 238 1598 ipso
262 1543 409 1582 castro
437 1537 656 1593 predicto,
687 1539 731 1578 et
756 1537 874 1578 bono
909 1540 952 1579 et
978 1539 1266 1593 pertinenciis
1306 1541 1512 1597 ejusdem
1542 1548 1698 1595 castri,

137 1617 183 1656 et
202 1608 590 1655 in'mandamento
611 1610 655 1649 et
675 1607 881 1670 districtu
907 1610 952 1649 et
969 1607 1283 1663 jurisdiccione
1312 1612 1519 1667 ejusdem
1550 1618 1699 1667 casiri,

136 1688 181 1728 et
238 1684 285 1726 in
306 1680 540 1725 barrochia
565 1678 897 1734 (zparrochia)
945 1679 1096 1722 Sancti
1142 1681 1337 1724 Baudilii
1382 1685 1438 1727 de
1483 1685 1697 1736 Bezaceis.

76 1808 79 1810 ,
138 1756 310 1800 ratione
355 1751 461 1794 dicti
505 1749 639 1792 castri
685 1762 765 1791 seu
791 1749 881 1792 alia
923 1763 1214 1807 quacumque
1266 1754 1459 1804 ratione,
1509 1758 1606 1802 sive
1651 1761 1710 1802 sit

139 1824 419 1883 jurisdiccio.
451 1821 547 1864 sive
602 1819 865 1875 pedagium,
915 1820 1012 1863 sive
1038 1822 1316 1875 dominium,
1347 1838 1426 1868 seu
1470 1828 1560 1872 alia
1602 1844 1712 1886 que„

136 1909 351 1952 cumque.
389 1913 392 1915 ·

194 1969 247 2011 Et
273 1966 363 2009 scio
391 1966 434 2007 et
459 1974 728 2017 recognosco
772 1961 914 2016 quod,
945 1975 1026 2017 pro
1052 1963 1135 2005 hoc
1178 1963 1337 2015 feudo,
1389 1967 1533 2012 debeo
1576 1971 1707 2015 vobis

135 2040 307 2086 valere,
338 2036 376 2079 si
402 2033 629 2077 haberetis
654 2044 885 2087 guerram,
914 2045 1019 2074 cum
1045 2033 1305 2078 hominihus
1333 2037 1439 2085 dicti
1484 2042 1618 2083 castri
1663 2046 1707 2085 et

135 2106 470 2154 mandamenti‚
501 2107 545 2146 et
570 2116 674 2145 cum
701 2102 819 2144 dicto
845 2105 1006 2151 castro,
1037 2104 1111 2146 vel
1139 2106 1268 2148 vobis
1321 2109 1507 2152 reddere
1554 2112 1706 2167 ipsum

133 2184 352 2227 castrum;
382 2178 446 2219 ita
488 2174 631 2231 quod,
663 2172 794 2214 finita.
845 2186 1026 2228 guerra,
1057 2176 1275 2218 tenemini
1320 2179 1458 2221 michi
1515 2183 1705 2227 reddere

133 2252 304 2295 dictum
347 2250 546 2291 castrum
589 2258 656 2286 ses
698 2242 900 2301 penit-ier
943 2251 984 2285 el
1027 2259 1095 2286 ses
1140 2261 1263 2289 mens
1309 2248 1494 2295 valensa
1560 2253 1704 2309 ipsius

133 2321 288 2366 castri.

191 2393 293 2436 Soio
319 2389 463 2432 eciam
489 2389 534 2429 et
559 2397 829 2440 recognosco
854 2385 997 2441 quod,
1030 2400 1110 2440 pro
1137 2387 1255 2430 dicto
1282 2389 1438 2439 feudo,
1471 2396 1626 2436 teneor
1659 2399 1703 2438 ct
1750 2436 1764 2441 ,

130 2465 274 2507 debeo
300 2474 399 2503 esse
425 2458 556 2500 vobis
582 2459 626 2498 et
651 2456 766 2497 dicte
794 2455 986 2497 Ecclesie
1013 2455 1183 2505 tidelis-3
1209 2462 1253 2500 et
1275 2473 1391 2502 nunc
1411 2462 1466 2504 de
1503 2467 1702 2518 presenti

130 2535 260 2577 vobis
286 2531 555 2589 fidelitatem
583 2527 713 2568 mitto
741 2529 784 2568 et
808 2525 930 2581 juro,
969 2529 1222 2580 protestans
1263 2532 1384 2584 quod
1421 2533 1457 2574 si
1503 2536 1701 2591 amplius

129 2608 284 2661 preter,
306 2601 506 2658 predicta
531 2612 589 2641 cx
616 2598 698 2639 hoc
725 2596 860 2639 feudo
886 2596 1017 2638 vobis
1046 2596 1191 2640 facere
1221 2602 1414 2650 tenerer,
1461 2606 1532 2647 vel
1577 2610 1699 2650 ante-

130 2686 330 2718 cessores
357 2670 446 2713 mei
473 2669 709 2715 fecissent,
734 2666 872 2714 illud,
903 2680 1005 2708 cum
1046 2668 1229 2716 scii-cm,
1259 2671 1390 2713 vobis
1434 2674 1630 2718 lacerem
1657 2681 1701 2720 et

131 2753 501 2799 recognoscerem
517 2774 525 2787 ‚

188 2815 331 2866 Quam
359 2810 584 2867 siquidem
628 2807 985 2863 rccognicionem
1030 2811 1386 2865 suprascriptam
1430 2815 1576 2858 dictus
1621 2820 1699 2859 do-

135 2887 284 2927 minus
306 2883 543 2937 episc-opus
566 2878 731 2933 recepit
770 2891 797 2918 a
822 2878 941 2918 «licto
969 2878 1153 2919 domino
1184 2881 1420 2930 Har-'nricm
1453 2888 1496 2927 et
1520 2888 1696 2940 penitus
