1991 3279
939 308 993 314 —
1021 282 1137 326 1070
1166 308 1219 314 —

364 403 415 444 Et
436 402 651 450 maxime,
671 402 778 457 quia
799 402 1050 444 declaratur
1066 414 1145 457 per
1171 401 1306 443 aliam
1329 401 1716 457 compositionem,
1739 402 1860 458 quod

305 475 360 516 ad
389 474 559 515 dictum
587 488 664 515 seu
689 473 1083 515 denunciationem
1111 472 1217 515 dieti
1234 472 1373 528 bajuli
1400 472 1520 515 curie
1549 472 1721 515 domini
1738 473 1862 516 Mon-

308 545 612 600 tispessulaui,
632 544 811 599 bajuli-s
838 544 958 589 curie
987 544 1256 599 episcopalis
1284 558 1374 586 non
1390 547 1597 587 teneatur
1621 545 1875 599 procedere*

307 617 406 671 plus
434 628 569 670 quam
601 616 766 657 faceret
794 630 872 670 pro
899 616 1101 671 qualibet
1127 615 1216 658 alia
1241 628 1435 670 persona
1461 615 1652 671 privata:
1672 618 1716 657 et
1742 616 1861 671 quod

306 688 424 729 idem
475 687 652 742 bajulus
679 687 800 728 curie
852 687 1121 742 episcopalis
1148 687 1293 742 possit
1344 700 1483 742 penas
1510 687 1765 742 corporales
1816 686 1863 728 in

307 758 590 814 pecuniarias
615 758 867 806 immutare,
890 761 934 799 et
963 771 1123 813 penam
1154 758 1449 813 infligendam
1474 757 1690 813 vatigare,
1715 760 1858 813 prout,

310 829 507 884 pensatis
535 829 870 871 circunstauciis
886 832 929 871 ct
956 830 1097 872 eciam
1125 829 1408 884 conjecturis,
1439 829 1653 884 expedire
1672 829 1858 872 noverit.

307 902 370 942 lta
395 900 510 955 jacet
533 903 680 942 textus
708 901 1058 955 compositionis,
1086 901 1279 957 qualiter
1305 903 1385 942 est.

365 972 478 1026 Ergo
506 973 687 1027 quando
716 985 796 1027 per
820 972 932 1014 alios
960 973 1134 1014 ‹ilieatur
1161 973 1215 1014 de
1242 971 1513 1027 juramento,
1544 973 1665 1028 quod
1711 971 1865 1014 dicunt

306 1043 493 1098 prestari
524 1057 604 1098 per
632 1043 834 1098 bajulum
852 1044 1120 1099 episcopalis
1147 1043 1283 1092 curie,
1310 1044 1609 1098 respondetur
1634 1044 1756 1099 qnod
1772 1047 1864 1085 tani

307 1115 403 1169 ipse
418 1128 555 1170 quam
572 1114 751 1169 bajulus
766 1115 950 1157 alterius
967 1115 1105 1170 partis
1122 1116 1288 1157 debent
1302 1115 1451 1170 jurare
1468 1129 1515 1157 se
1536 1114 1729 1156 fideliter
1745 1117 1866 1156 utro--

310 1186 443 1241 bique
460 1186 693 1227 habituros
722 1186 904 1228 factum:
938 1190 981 1227 et
1000 1186 1309 1242 juramentum
1337 1187 1458 1243 quod
1488 1189 1658 1242 prestat
1686 1185 1864 1240 bajulus
1921 1181 1923 1183 ¹

310 1257 538 1312 episcopi,
570 1258 676 1299 lacit
702 1258 749 1299 in
778 1272 916 1300 mauu
957 1258 1161 1313 ejusdem
1191 1258 1389 1313 episcopi
1418 1262 1488 1300 vel
1535 1258 1613 1314 qui
1641 1256 1864 1313 (zeujus)

308 1329 497 1383 deputat
524 1328 620 1384 ipse
648 1329 744 1371 sine
768 1330 1002 1384 presencia
1028 1330 1218 1385 alicujus
1239 1330 1425 1373 alterius
1453 1329 1591 1378 curie,
1623 1333 1667 1372 et
1687 1329 1860 1387 absque

310 1399 556 1447 vocatione,
588 1400 695 1456 quia
722 1401 872 1443 nullus
900 1415 1055 1443 eorum
1087 1405 1281 1444 vocatur.

368 1473 578 1513 Preterea
611 1472 876 1527 compositio
905 1473 1012 1515 (licit
1056 1474 1192 1528 quod,
1224 1473 1260 1515 si
1292 1474 1376 1515 tale
1422 1473 1556 1515 luerit
1582 1471 1767 1520 crimen,
1810 1485 1867 1513 ex

310 1558 398 1597 quo
444 1543 571 1599 sequi
617 1546 809 1585 mortem
840 1545 910 1585 vel
963 1545 1155 1586 membri
1208 1545 1537 1587 mutilationem
1582 1546 1795 1599 appareat
1825 1545 1868 1585 et

310 1618 428 1657 cci-to
456 1618 659 1670 apparet,
691 1617 810 1670 quod
840 1616 986 1670 primo
1002 1619 1151 1672 potest
1177 1617 1403 1671 inquirere
1432 1616 1554 1658 curia
1581 1614 1864 1671 episcopalis,

311 1686 462 1741 bajulo
489 1686 674 1728 alterins
701 1687 820 1728 curie
848 1701 936 1730 non
969 1691 1137 1730 vocato.
1169 1702 1225 1730 an
1265 1691 1468 1743 oporteat
1496 1701 1551 1729 ex
1585 1687 1661 1729 illo
1707 1685 1868 1728 delicto

312 1758 439 1814 sequi
461 1762 653 1800 mortem
685 1760 753 1801 vel
782 1759 1128 1804 mutilationem:
1158 1759 1265 1814 quia
1304 1760 1405 1801 licet
1432 1759 1486 1800 de
1516 1761 1674 1801 natura
1718 1757 1868 1800 delicti

313 1829 508 1888 ‹clebe[a]t
541 1844 663 1872 mors
693 1831 762 1871 vel
811 1831 1033 1873 mutilatio
1074 1831 1265 1873 membri
1306 1830 1450 1886 sequi,
1481 1831 1636 1885 posset
1662 1842 1760 1871 esse
1812 1842 1869 1870 ex

314 1902 467 1943 inultis
495 1902 658 1949 causis,
689 1903 810 1958 quod
840 1902 883 1943 in
931 1902 1172 1945 homicidio
1200 1902 1443 1944 commisso
1473 1902 1545 1943 vel
1572 1901 1659 1943 alio
1687 1900 1864 1944 delicto.

316 1976 473 2028 utputa
501 1977 682 2028 propter
709 1975 777 2015 sui
800 1975 1110 2017 defensionem
1135 1975 1203 2016 vel
1234 1977 1413 2029 propter
1439 1972 1697 2015 consimiles
1738 1971 1870 2014 ratio-

318 2059 409 2092 nes„
442 2046 710 2101 delinquens
739 2047 1076 2102 uonpuniretui·
1097 2048 1152 2088 de
1179 2047 1277 2102 jure
1305 2047 1358 2088 ad
1378 2048 1570 2087 mortem
1598 2045 1670 2086 vel
1697 2044 1752 2085 de
1767 2057 1871 2086 eon-

316 2117 568 2165 suetmli1w3
602 2131 707 2173 ymo
735 2121 961 2173 oporteret
990 2118 1114 2159 illum
1144 2118 1316 2160 absolvi
1348 2118 1391 2158 in
1422 2119 1578 2163 lotum,
1611 2116 1683 2158 vel
1710 2115 1767 2158 ad
1797 2128 1870 2170 pe-

320 2203 421 2230 nam
453 2189 608 2231 mortis
637 2190 706 2231 vel
736 2190 1035 2232 mutilationis
1066 2189 1272 2231 membri.

375 2262 518 2310 Quare
550 2275 654 2315 crgo
681 2261 727 2302 in
743 2262 824 2303 hoc
846 2262 935 2303 alia
961 2260 1084 2303 curia
1112 2262 1360 2307 vocaretur,
1392 2264 1435 2301 et
1460 2261 1580 2302 certa
1605 2257 1870 2314 compositio

321 2345 403 2371 uon
434 2331 541 2373 dicit
590 2334 711 2388 quod
739 2333 901 2375 debeat
929 2332 1075 2374 vocari
1129 2331 1174 2372 in
1201 2346 1306 2373 casu
1334 2330 1645 2378 absolutionis,
1677 2329 1749 2371 vel
1795 2328 1870 2370 ubi

321 2417 403 2443 non
433 2408 696 2457 sequeretur
723 2418 843 2447 mors
872 2405 942 2446 vel
970 2404 1163 2446 membri
1194 2404 1428 2447 mutilatio.
1462 2405 1514 2446 Et
1541 2403 1601 2445 sic
1628 2402 1769 2445 eciam
1815 2403 1870 2444 de

324 2474 437 2515 facto
467 2479 672 2517 servatur
695 2476 737 2517 in
765 2476 888 2519 curia
915 2476 1172 2531 episcopali.

380 2546 486 2586 [teni
513 2561 590 2600 pei·
614 2547 1037 2602 interrunipcionem
1064 2547 1340 2602 responderi.
1374 2549 1560 2603 paopter
1595 2546 1714 2601 quod
1738 2544 1871 2588 nichil

323 2616 591 2672 suffrijpotuit
619 2619 661 2659 in
700 2619 994 2673 prejudicium
1022 2618 1132 2674 juris
1163 2619 1287 2673 regii,
1332 2622 1379 2660 ut
1406 2621 1473 2660 est
1510 2617 1695 2659 dictum.
1727 2617 1871 2667 Quare

323 2687 506 2728 inferius
530 2702 665 2742 snper
701 2691 897 2744 capitulo
923 2691 1171 2732 ,iudeorum
1202 2690 1243 2731 in
1273 2689 1392 2731 dicta
1417 2688 1744 2743 compositione
1765 2700 1868 2729 con-

324 2761 459 2804 tento,
483 2759 574 2799 licet
610 2760 741 2801 nichil
765 2762 819 2803 ‹le
840 2761 1149 2815 jurisdictione
1172 2761 1415 2815 episcopali
1442 2760 1733 2808 diminuatur,
1767 2757 1873 2814 quia

325 2842 411 2870 nou
443 2832 617 2871 leuetur
656 2833 906 2873 consentire
937 2833 969 2875 si
1003 2833 1125 2880 uolit;
1157 2835 1195 2873 el
1227 2832 1289 2874 sic
1317 2846 1396 2887 per
1421 2843 1704 2887 consequens
1731 2827 1873 2872 (lonii-

326 2914 407 2941 nus
429 2901 827 2956 Montispessnlani
855 2904 987 2945 nivhil
1018 2905 1058 2945 in
1089 2904 1152 2945 eis
1182 2903 1378 2945 habebit.

383 2973 655 3015 Dcclarando
678 2978 824 3016 lumen
844 2979 905 3017 est
941 2977 1202 3023 videndum,
1224 2976 1342 3031 quod
1375 2976 1415 3016 iu
1444 2972 1768 3029 compositione
1783 2971 1871 3013 dis-
