2107 3404
776 313 1027 376 -339-

100 410 430 470 'venditur-um,
460 434 518 464 ex
563 433 700 464 causa
743 420 879 476 hujus
930 419 1206 464 venditionis
1256 419 1421 468 valide,
1458 420 1588 462 vobis
1639 421 1682 461 et

123 490 293 549 vestris
313 491 648 535 successoribus
675 490 854 539 damus,
886 490 1090 533 cedimus
1110 492 1155 532 et
1181 489 1468 533 mandamus.
1554 491 1562 498 ⁴

182 545 430 605 Tradentes
456 560 586 605 vobis
607 563 651 603 et
688 561 851 604 vestris
902 560 1237 604 successoribus
1282 560 1551 609 dominium,
1582 573 1680 617 pro-

121 631 372 687 prietatem
389 634 434 675 et
454 644 648 675 vacuam
701 632 1041 688 possessionem
1091 630 1299 673 omnium
1327 633 1373 673 et
1399 631 1689 686 singularum⁶

119 714 288 751 rerum,
317 715 346 745 a
366 701 496 745 nohis
510 702 655 745 ‘vobis
683 705 728 744 et
754 702 920 744 vestris
948 701 1283 744 successoribus
1311 714 1448 756 supra
1473 700 1681 743 vendita—

119 784 238 820 rum,
270 772 486 816 volumus
507 776 552 815 et
571 772 863 816 concedimus
891 786 950 815 ex
976 785 1113 816 causa
1139 771 1274 828 hujus
1303 784 1426 814 mere
1453 770 1681 814 vendicio*-

26 835 31 858 ³
55 880 74 889 ..
118 841 205 891 nis,
235 843 358 900 quod
384 844 665 899 corporalem
692 843 1027 899 possessionem
1054 842 1257 898 ipsarum
1283 841 1488 898 omnium
1517 845 1563 885 et
1587 842 1679 884 sin-

116 913 329 968 gularum
355 927 522 962 rerum,
554 927 582 957 a
608 914 740 957 nobis
765 914 894 957 v'obis
923 917 967 956 et
992 913 1158 956 vestris
1180 912 1514 956 successoribus
1542 926 1681 969 supra

48 1021 52 1025 .
117 983 423 1032 venditarum,
456 998 537 1040 per
562 998 660 1033 vos,
704 985 784 1027 vel·
807 997 888 1040 per
937 984 1078 1027 alium
1124 997 1204 1026 seu
1231 984 1358 1031 alios,
1413 983 1677 1027 auctoritate

47 1083 49 1089 ι
117 1056 269 1097 vestra
310 1056 509 1111 propria,
537 1058 582 1097 et
603 1055 704 1098 sine
754 1052 939 1097 licentia
957 1042 1150 1109 alicujus
1199 1053 1365 1109 judicis
1386 1056 1431 1097 et
1456 1053 1592 1102 curie,
1634 1058 1679 1096 et

116 1124 248 1168 nobis
293 1125 431 1168 etiam
475 1125 789 1180 ignorantibus
817 1128 862 1168 et
910 1124 1199 1181 irrequisitis,
1229 1125 1581 1180 apprehendatis
1631 1127 1676 1167 et

115 1195 454 1245 nanciscamini;

174 1265 319 1317 Quam
339 1266 482 1310 donec
502 1249 898 1323 apprehenderitis
920 1269 965 1309 et
985 1266 1217 1322 possidere
1242 1266 1450 1322 ceperitis
1472 1279 1553 1322 per
1591 1280 1674 1308 vos

114 1336 254 1392 ipsos,
283 1338 602 1381 constituimus
631 1352 712 1381 nos
739 1340 863 1394 ipsos
894 1328 1076 1380 interim
1124 1351 1205 1393 pro
1255 1337 1402 1386 vobis,
1434 1340 1478 1380 et
1521 1340 1673 1380 vestro

114 1407 314 1456 nomine,
334 1408 518 1457 habere,
551 1411 703 1452 tenere
733 1411 776 1452 et
804 1408 1052 1464 possidere,
1074 1408 1200 1451 nulla
1226 1408 1420 1451 naturali
1449 1409 1521 1450 vel
1548 1408 1672 1451 civili

113 1479 400 1534 possessione
421 1493 562 1536 penes
591 1494 673 1522 nos
701 1480 774 1522 vel
796 1482 973 1522 nostros
1002 1479 1048 1520 in
1074 1479 1250 1522 eisdem
1279 1478 1572 1536 aliquatenus
1603 1492 1675 1521 re-

39 1564 45 1573 ··
113 1561 302 1592 manere
330 1550 407 1604 (=
417 1553 719 1605 remanente).

171 1619 257 1662 Pro
283 1621 451 1677 quihus
488 1621 702 1664 omnibus
728 1623 773 1664 et
819 1620 1012 1676 singulis
1041 1592 1330 1685 supradictis,
1362 1623 1406 1662 et
1451 1633 1531 1675 pro
1558 1620 1675 1662 evic-

113 1689 240 1734 cione
291 1691 508 1747 qualibet,
541 1692 674 1735 vobis
727 1694 773 1735 et
800 1691 965 1735 sestris
1017 1684 1353 1734 successoribus
1379 1691 1436 1734 ad
1486 1691 1673 1746 plenum

111 1761 358 1810 reddenda,
390 1763 610 1807 solvenda
635 1766 679 1806 et
699 1763 992 1812 restituenda,
1018 1763 1056 1806 si
1084 1763 1148 1806 ibi
1173 1762 1266 1806 ullo
1287 1765 1489 1818 tempore
1523 1761 1668 1810 fieret,

6 1859 53 1917 ᾗ
107 1832 369 1888 obligamus
396 1834 527 1876 vobis
554 1837 600 1877 et
618 1833 784 1877 vestris
838 1833 1191 1882 successoribus,
1223 1833 1449 1889 episcopis
1476 1833 1674 1889 Magalo-r

6 1898 53 1959 ἐξ,
111 1903 346 1952 nensibus‚
377 1907 422 1947 et
447 1905 690 1948 comitibus
741 1904 945 1959 Melgorii
991 1907 1035 1947 et
1061 1903 1258 1946 dominis
1285 1903 1667 1951 Montisferrandi.

8 1955 75 2063 ξ·
112 1985 195 2017 nos
222 1977 267 2018 et
285 1974 440 2017 omnia
466 1975 585 2018 bona
612 1978 764 2018 nostra
794 1975 1028 2031 presencia
1047 1977 1091 2017 et
1116 1974 1281 2017 futura.

14 2158 52 2211 ’ἵ

171 2044 284 2088 Item
311 2045 620 2101 promittimus
647 2050 692 2089 et
716 2047 1015 2089 convenimus
1044 2045 1175 2087 vobis
1203 2045 1325 2101 quod
1370 2044 1537 2087 dictam
1567 2058 1663 2087 ven-

111 2114 331 2158 ditionem
358 2116 563 2159 omnium
591 2117 912 2172 predictorum,
961 2120 1006 2159 et
1050 2117 1194 2159 eciam
1243 2116 1399 2158 omnia
1424 2118 1468 2158 et
1495 2116 1672 2170 singula

17 2184 29 2201 1

112 2187 418 2242 suprascripta
438 2188 568 2230 vobis
589 2190 634 2230 et
659 2188 824 2230 vestris
851 2188 1187 2230 successoribus
1214 2187 1404 2235 laudari,
1425 2186 1669 2242 approbari

15 2213 77 2301 ἶ
110 2259 156 2300 et
180 2257 395 2301 ratificat-i
424 2257 642 2301 faciemus
670 2259 834 2301 nostris
861 2259 1076 2314 expensis
1106 2259 1299 2314 propriis
1326 2260 1370 2300 et
1397 2258 1494 2300 sine
1522 2257 1670 2299 dacio-

18 2303 62 2422 ἓ
110 2340 166 2370 ne
194 2329 410 2384 peccunie
436 2332 481 2371 et
505 2330 692 2372 alterius
717 2329 797 2378 rei,
829 2332 873 2372 et
898 2341 999 2371 cum
1027 2329 1150 2371 omni
1192 2329 1430 2371 securitate
1457 2341 1559 2370 cum
1588 2342 1668 2382 pu-

25 2433 66 2529 ’ἔὲ

27 2530 66 2619 ἓ

54 2424 57 2430 ,
109 2397 226 2441 blico
253 2398 570 2445 instrumento.
601 2403 768 2442 etcum
794 2400 1007 2442 omnibus
1051 2399 1471 2441 renunciationibus
1516 2410 1669 2440 neces-

109 2469 240 2512 sariis
285 2483 366 2512 seu
411 2470 542 2513 vobis
593 2471 798 2520 utilibus;
845 2470 966 2526 quod
1013 2470 1265 2525 predictaa
1292 2469 1430 2512 nobili
1482 2468 1667 2510 domina

107 2538 374 2594 Valburges‚
427 2554 578 2583 sorore
606 2545 774 2589 nostra,
823 2553 965 2583 uxore
992 2540 1157 2582 nobilis
1187 2540 1270 2581 viri
1322 2539 1497 2582 domini
1541 2539 1666 2581 Guil-

105 2608 230 2652 lelmi
257 2610 313 2653 de
364 2611 594 2660 Randone;
626 2615 722 2654 eta
772 2611 911 2654 nobili
962 2611 1149 2653 domina
1178 2610 1418 2666 Dalphina‚
1473 2609 1662 2652 domina

107 2680 265 2729 Alesti,
295 2694 446 2724 sorore
478 2685 646 2730 nostra,
677 2695 820 2724 uxore
847 2682 1012 2724 nobilis
1039 2682 1124 2724 viri
1176 2681 1295 2724 Petri
1323 2681 1461 2723 Peleti
1489 2681 1663 2723 domini

107 2750 264 2800 Alesti;
295 2755 340 2794 et
387 2753 446 2794 ab
473 2752 637 2795 herede
677 2765 756 2795 seu
784 2753 1027 2795 heredibus
1053 2752 1243 2794 condam
1291 2752 1452 2794 nobilis
1479 2752 1662 2793 dominc·

35 2835 90 2889 ἱ
108 2821 294 2878 Algaye,
313 2835 463 2865 sorore
480 2823 895 2879 nostia(=sororis
912 2823 1098 2877 nostre),
1117 2823 1271 2865 uxoris
1286 2822 1478 2865 condam
1501 2823 1664 2864 nobili>-

36 2887 80 2925 3·
107 2891 195 2934 viri
220 2892 436 2935 Amalrici
464 2893 520 2936 de
570 2893 795 2941 Narbona:
826 2893 899 2935 vel
926 2893 1034 2935 dare
1064 2893 1192 2935 vohis
1222 2894 1540 2948 trausciiptum
1586 2907 1665 2934 m.-

106 2961 322 3010 lenticum
363 2963 770 3006 instrumentorum
821 2963 1141 3019 quitationum.
1193 2964 1322 3005 nobis
1373 2964 1591 3005 fat-uirum
1637 2978 1663 3004 a

32 2725 76 2779 ξῖἕ

27 2599 77 2875 mus(
