2107 3404
735 295 989 343 4185—-

78 390 202 448 quod
251 390 358 435 dicti
377 392 641 437 amicabiles
679 394 1022 451 compositores,
1052 408 1136 452 per
1185 410 1232 440 se
1258 395 1332 440 vel
1378 409 1459 454 prr
1507 395 1636 446 alios,

78 462 255 518 possint
284 463 340 506 de
391 464 604 519 predictis
630 465 947 522 questionibus
975 466 1203 523 inquirere
1231 468 1485 516 veritatem:
1521 471 1564 511 ct
1592 482 1646 511 ea

77 532 312 589 inquisita,
345 534 382 576 si
408 535 793 584 concordaverint,
851 526 1095 580 terminare*
1143 552 1224 593 pro
1246 552 1329 581 sua
1377 539 1641 581 omn'mozla

76 603 322 653 voluntate;
347 605 385 647 si
407 618 514 648 vero
535 605 793 648 dubitarent
813 607 858 649 in
879 607 1046 663 aliquo,
1070 608 1144 650 vel
1166 609 1310 651 eciam
1333 609 1589 651 discordare
1613 612 1644 650 *t-

76 674 198 730 quod
224 674 280 717 de
306 675 538 718 voluntate
567 689 795 732 exprwsa,
817 677 990 733 possint
1011 677 1175 721 habere
1197 679 1445 722 consilium
1475 679 1642 721 dcmssni

74 743 251 788 Frcdoli
277 745 332 788 de
361 745 745 802 Salajurisperiti:
779 751 821 790 et
848 750 1098 792 seeundum
1126 749 1223 805 ejus
1251 751 1539 792 voluntatem
1592 753 1634 792 ct

75 816 314 859 consilium
342 817 484 860 dictas
515 819 776 874 questiones
818 819 1076 869 termincnt;
1107 823 1151 862 et
1195 821 1317 877 quod
1356 820 1541 863 veniant
1590 821 1649 863 ad.

76 885 200 929 diem
227 889 272 929 et
297 886 408 936 dies,
441 888 589 931 locum
616 892 656 931 et
687 889 799 938 loca;
826 892 870 931 et
898 889 1087 945 pignora
1107 891 1299 933 reddant
1327 891 1443 933 dicte
1472 894 1640 946 partes,

76 959 211 1012 prout
236 957 427 1014 predicti
453 959 718 1002 amicabiles
738 960 1068 1015 compositores
1095 962 1323 1003 volueriut
1355 964 1399 1004 et
1425 962 1641 1004 duxerint

78 1027 400 1077 ordinandum;
1632 1078 1636 1082 ,

137 1099 251 1142 Item
279 1099 364 1142 fuit
389 1103 540 1144 actum
575 1102 713 1156 quod,
769 1102 805 1144 si
852 1102 958 1145 dicti
1002 1103 1268 1147 amicabiles
1319 1103 1646 1159 compositore-s

75 1172 429 1226 pronunciarent
454 1172 573 1214 inter
593 1172 736 1215 dictis
767 1176 921 1227 partes
944 1186 1081 1229 super
1099 1173 1344 1229 aliquibus.
1379 1174 1434 1215 de
1457 1174 1639 1230 quibus.

76 1241 125 1284 in
150 1242 351 1297 presenti
378 1244 720 1302 compromisso,
754 1256 972 1299 expressa
1000 1245 1173 1286 mentio
1200 1244 1318 1286 faeta
1363 1257 1454 1285 non
1504 1246 1645 1286 esset,

73 1312 382 1369 quod'eorum
408 1314 724 1375 prononciacio
753 1314 850 1356 sive
879 1314 1051 1357 dictum
1101 1315 1291 1370 provide
1318 1314 1469 1357 valeat
1495 1317 1539 1356 et
1564 1317 1630 1356 te-

74 1387 194 1433 neat,
224 1397 275 1427 ac
303 1383 339 1426 si
362 1383 618 1440 specialiter
644 1387 691 1426 et
724 1384 982 1440 expressim
1029 1389 1179 1427 essent
1206 1385 1252 1426 in
1279 1384 1480 1440 presenti
1532 1374 1653 1427 com—

78 1455 303 1511 promisso
335 1454 543 1496 deducta.

79 1520 81 1522 ’
135 1526 187 1568 Et
210 1527 270 1568 ita
290 1529 440 1568 tencre
462 1529 506 1567 et
527 1539 707 1568 servare
731 1526 876 1569 dictus
903 1526 1094 1569 Poncius
1115 1526 1250 1574 Petri,
1272 1526 1355 1568 sub
1377 1525 1651 1580 obligatione

75 1598 296 1639 bonorum
323 1609 524 1644 suorum,
555 1599 597 1638 et
625 1597 769 1639 dictus
793 1597 1063 1639 Bcrtrandus
1091 1598 1174 1639 sub
1196 1596 1472 1651 obligatione
1493 1597 1638 1638 bono-

76 1681 177 1709 rum
205 1667 310 1709 dicii
338 1667 500 1710 nobilis
528 1670 570 1709 et
599 1668 683 1709 sub
711 1681 829 1722 pena
882 1667 1099 1723 predicta,
1133 1667 1219 1709 sibi
1245 1668 1304 1710 ad
1357 1667 1570 1714 invicem,
1601 1670 1652 1709 ut

73 1739 244 1781 dictum
272 1741 354 1786 est,
385 1738 599 1793 stipulata
625 1741 669 1780 et
695 1737 932 1793 promissa,
958 1738 1279 1794 promiserunt,
1310 1740 1354 1780 et
1379 1737 1648 1793 juraverunt

74 1809 368 1852 sacrosanctis
394 1809 475 1851 Dei
519 1809 765 1864 evangeliis
810 1822 891 1864 per
939 1808 1190 1866 quemlibet
1234 1808 1438 1863 ipsorum
1489 1821 1646 1863 corpo-

74 1880 229 1923 raliter
278 1892 418 1922 manu
446 1880 589 1928 tact-is3
646 1880 964 1921 renunciantes
1016 1879 1101 1921 sub
1154 1878 1315 1921 eodem
1365 1878 1638 1933 juramento,

71 1948 157 2006 juri
186 1949 352 1992 dicenti
377 1949 756 2006 compromissum
790 1962 880 1991 non
906 1949 1071 1991 debere
1113 1948 1210 1991 fieri
1238 1961 1343 1990 cum
1368 1947 1641 2003 juramento,

73 2019 123 2064 et'
143 2020 367 2063 autentica
417 2020 616 2063 deterius
643 2023 688 2062 et
737 2020 922 2062 arbitrio
949 2019 1056 2061 boni
1082 2017 1184 2067 viri;
1214 2022 1260 2061 et
1309 2017 1583 2071 generaliter
1603 2021 1648 2060 et

71 2091 326 2147 specialiter
351 2091 475 2133 omni
502 2091 579 2134 alii
604 2090 691 2146 juri
717 2104 807 2146 quo
840 2093 996 2132 contra
1023 2089 1225 2145 predicta
1251 2089 1407 2131 venire
1460 2092 1648 2145 possent

72 2161 189 2205 dicte
216 2165 381 2217 partes;
411 2165 509 2204 acto
536 2161 678 2204 eciam
706 2161 822 2203 inter
851 2161 994 2203 dictas
1024 2163 1190 2216 partes,
1217 2159 1340 2216 quod
1367 2159 1514 2202 dictus
1562 2160 1641 2201 do-

75 2233 225 2275 minus
252 2232 470 2275 Henricus
519 2233 673 2274 laudet
699 2235 743 2274 et
769 2231 967 2273 ratiticet
1009 2234 1050 2273 et
1079 2230 1318 2274 confirmet
1344 2230 1514 2272 dictam
1543 2244 1646 2285 pro-

72 2303 414 2346 nunciacionein
452 2316 534 2346 seu
559 2302 890 2345 ordinationem
917 2301 987 2357 ips
1000 2313 1132 2343 orum
1187 2300 1498 2343 amicabilium
1526 2313 1648 2343 com-

74 2373 343 2430 positorum.

136 2516 188 2558 Et
215 2515 385 2558 ibidem
413 2515 707 2558 incontinenti
735 2514 841 2556 dicti
893 2513 1027 2556 amici
1054 2516 1098 2555 et
1124 2513 1431 2560 adjuratores,
1473 2511 1646 2554 dictum

72 2586 451 2641 compromissum
478 2586 525 2628 in
551 2599 597 2628 se
626 2585 910 2641 recipientes,
940 2584 1246 2640 promiserunt
1270 2582 1462 2639 quilibet
1487 2594 1646 2625 eorum

51 2657 286 2712 -predictis
314 2657 517 2712 partibus
545 2656 743 2698 diffinire
772 2659 816 2698 et
857 2655 1060 2703 recitare,
1092 2668 1172 2697 seu
1198 2653 1375 2696 recitari
1397 2652 1541 2695 facere
1563 2666 1646 2695 suo

75 2740 207 2781 posse
233 2729 277 2768 et
303 2740 386 2769 sua
411 2728 529 2770 bona
554 2727 660 2773 fide,
692 2727 747 2768 de
775 2726 880 2768 hinc
907 2726 964 2767 ad
994 2725 1158 2768 [esium
1188 2724 1448 2779 proximum
1496 2722 1643 2765 sancti

77 2796 231 2845 Ylarii,
262 2800 307 2840 et
334 2797 414 2840 hec
440 2810 577 2852 super
603 2800 758 2839 sancta
778 2796 857 2838 Dei
885 2795 1123 2850 evangelia
1151 2794 1432 2850 juraverunt.

2 2908 15 2922 ,⁴
136 2868 248 2910 Acta
274 2867 455 2909 luerunt
506 2868 587 2909 hec
613 2867 739 2922 apud
765 2866 966 2914 Brissae,
1023 2865 1068 2907 in
1096 2867 1224 2920 prato
1251 2863 1437 2907 ecclesie
1495 2862 1647 2905 Sancti

74 2937 212 2980 Ylarii
236 2937 367 2994 juxta
391 2937 579 2986 iontem,
609 2938 656 2979 in
705 2937 940 2994 presencia
966 2939 1010 2979 et
1037 2934 1296 2978 testimonio
1322 2932 1557 2976 Guillelini
1587 2932 1643 2973 de

0 3000 5 3001 ⁷
304 3019 398 3051 cart.
422 3019 465 3050 de
485 3020 573 3057 mag.
596 3019 631 3049 T.
654 3018 701 3050 111
1314 3012 1355 3046 24
