2112 3555
117 549 430 608 Magalonensi
457 560 684 619 episcopo,
715 569 869 612 comiti
898 576 942 615 et
968 575 1152 622 domino
1178 582 1382 640 Melgorii
1409 594 1451 633 et
1495 593 1681 642 Montis-

111 616 326 675 ferrandi,
344 629 466 683 quod
487 643 569 687 ego
595 633 741 680 habeo
768 641 812 682 et
837 643 985 693 teneo,
1017 650 1059 689 et
1086 648 1252 696 habere
1296 660 1317 682 ¹
1354 661 1500 706 {sn-fr.)
1535 666 1559 707 ,ἰ
1597 669 1619 709 J..
1653 685 1675 712 o

111 703 140 734 a
163 694 309 744 vobis,
340 694 524 744 domino
571 704 782 763 episcopo
808 715 1082 768 supradicto,
1115 724 1159 764 et
1184 736 1211 766 a
1237 730 1401 773 vestris
1453 746 1678 783 successo-

63 754 68 759 '
109 761 254 813 ribus,
289 768 476 812 nomine
527 772 633 816 dicti
685 780 941 832 comitatus,
973 786 1017 829 in
1052 788 1256 845 feudum,
1312 803 1513 855 predicta
1561 808 1671 861 loca,

99 1128 181 1170 pro
207 1118 374 1173 quibus
425 1136 508 1178 ego
535 1130 580 1169 et
608 1131 696 1172 mei
724 1146 1008 1183 successores
1060 1147 1249 1198 predicti
1289 1165 1448 1199 sumus
1499 1163 1544 1204 et
1569 1176 1668 1208 esse

98 1185 320 1233 debemus
347 1191 433 1235 viri
463 1197 635 1241 subditi
663 1205 707 1244 et
734 1203 911 1256 fideles,
944 1223 997 1253 ac
1023 1214 1236 1262 tenemur
1261 1224 1393 1268 vobis
1421 1231 1465 1271 et
1491 1244 1668 1280 succes-

97 1257 276 1302 soribus
303 1264 484 1313 vestris,
516 1267 716 1314 dominis
745 1277 788 1316 et
816 1280 1063 1326 comitibus
1108 1287 1311 1344 Melgorii
1339 1299 1383 1338 et
1407 1298 1665 1348 Montisfer-

99 1325 246 1377 randi,
275 1330 422 1376 facere
450 1339 492 1378 et
518 1337 669 1392 jurare
698 1342 973 1392 fidelitatem
1003 1357 1041 1394 et
1073 1362 1280 1403 contenta
1315 1366 1355 1406 {n
1380 1380 1661 1420 sar-ramento

92 1396 342 1452 fidelitatis,
373 1407 786 1469 quocienscumque
816 1422 1115 1468 mutabuntur
1140 1430 1243 1474 hinc
1277 1435 1397 1479 inde.

156 1468 210 1512 Et
235 1484 317 1527 ego
345 1474 630 1523 Raimundus
657 1484 845 1531 Alberti.
879 1494 1120 1561 vestiarius
1149 1506 1434 1556 supradictus
1463 1517 1500 1555 ct
1541 1517 1662 1571 prior

87 1540 271 1584 ecclesio¹
301 1544 354 1586 de
377 1545 610 1597 Gmbffls,
639 1555 784 1598 so'ms
810 1562 1015 1614 prelsssta
1038 1581 1063 1608 o
1088 1583 1141 1609 :ii
1165 1585 1192 1613 a
1284 1577 1537 1634 singulaita
1559 1602 1657 1632 esse

88 1623 210 1659 vera,
235 1612 369 1658 flexis
388 1620 597 1671 genibus,
626 1627 835 1672 manilius
860 1634 971 1676 nisis
992 1636 1109 1681 infra
1131 1648 1303 1689 vestras
1326 1653 1500 1704 positis,
1527 1660 1658 1704 vobis

86 1680 272 1726 domino
316 1687 530 1745 episcopo
582 1700 902 1755 suprascripto.
954 1719 1033 1760 pro
1085 1710 1203 1755 d‘cto
1256 1716 1390 1763 feudo
1441 1730 1655 1780 promitto

9 1774 17 1787 ι,
82 1753 126 1792 et
152 1756 372 1809 convenio
414 1772 594 1805 san-vars
618 1769 662 1807 et
685 1770 835 1813 tener:
865 1773 1148 1831 fidelitaten,
1182 1786 1325 1832 vitam
1353 1796 1397 1835 et
1417 1801 1645 1852 membra,

134 2175 188 2218 Et
236 2191 319 2222 nos
370 2181 683 2241 Berengarius,
738 2193 818 2237 Dei
867 2201 1014 2252 gratia
1064 2212 1350 2264 supradictus
1401 2224 1641 2284 episcopus

77 2244 425 2301 Magalonensis,
457 2256 670 2303 dominus
698 2267 742 2305 et
767 2279 920 2312 comes
947 2272 1150 2329 Melgorii
1181 2286 1225 2324 et
1251 2286 1634 2348 Montist'errandi,

71 2317 345 2373 accipientes
372 2326 416 2366 et
441 2332 727 2383 acceptantes
754 2339 1004 2390 predictam
1050 2354 1404 2405 recognitionem
1450 2368 1493 2407 et
1527 2368 1638 2413 side-

70 2385 260 2437 litatem‚
290 2391 546 2444 laudamus,
573 2405 897 2457 approbamus,
930 2415 1210 2464 ratificamus
1238 2430 1281 2468 et
1308 2432 1634 2484 confirmamus

69 2456 166 2507 tibi,
198 2462 400 2514 predicto
427 2466 684 2514 Raimundo
711 2476 901 2527 Alberti,
934 2486 1149 2532 vestiario
1178 2497 1221 2536 et
1250 2499 1384 2551 priori
1412 2508 1629 2562 predicto,

0 2750 6 2776 τ
62 2741 306 2786 comitibus
333 2745 537 2802 B'Ielgorii
582 2756 626 2795 et
652 2756 1039 2817 Montisi'esrandi,
1095 2773 1328 2830 landimio,
1359 2791 1545 2835 consilio
1582 2800 1627 2839 et

3 2804 8 2814 “
60 2810 276 2862 dominio,
308 2816 345 2857 si
372 2817 470 2861 sine
521 2822 677 2880 a'ilua
703 2832 953 2878 retentione
982 2843 1186 2894 predicta
1219 2856 1430 2907 superius
1456 2863 1625 2908 aliena-

0 2926 3 2930 >
60 2884 230 2931 rentur,
261 2887 306 2927 et
331 2887 472 2935 salvis
499 2891 709 2939 similiter
728 2901 977 2956 majoribus
996 2909 1182 2964 justitiis
1203 2923 1247 2962 et
1273 2931 1622 2982 exequtionibus

0 2963 7 2994 2·
63 2954 345 3005 earumdem,
376 2957 492 3002 sicut
541 2966 752 3020 supeiias
779 2975 848 3014 est
889 2989 1173 3035 expressum,
1204 2993 1334 3038 nobis
1369 3001 1413 3040 et
1449 3016 1622 3051 succes-

222 3047 314 3080 cart.
337 3049 380 3080 de
398 3051 485 3090 Mag.
509 3054 544 3086 T.
569 3056 613 3086 111
1341 3089 1358 3119 7
