2205 3299
1161 205 1212 210 -
1233 180 1327 222 ,iso
1355 204 1408 210 —

505 287 631 339 Valle
658 287 793 335 bona,
824 287 1082 344 Raymundi
1110 287 1164 329 de
1191 285 1325 330 Rialli
1351 286 1523 335 militis,
1553 285 1674 328 Petri
1699 283 2068 344 Miradelrieupe,

507 357 711 413 magistri
760 359 810 400 R..
854 357 1042 400 Troselli
1069 357 1246 406 notarii,
1302 360 1346 400 et
1397 356 1602 412 magistri
1628 355 1748 399 Petri
1790 355 2067 404 Christofori‚

506 427 669 470 notarii
695 427 863 483 publici
891 428 1180 483 infrascripti.

564 570 616 612 Et
642 563 940 612 incontinenti
967 570 1073 612 dicti
1102 569 1258 612 arbitri
1304 572 1347 612 et
1374 569 1679 617 arbitratores,
1711 569 1914 610 volentes
1937 581 2074 624 super

500 640 713 695 predictis
741 640 998 696 procedere,
1030 643 1331 698 preceperunt
1357 640 1488 682 dictis
1520 639 1745 695 partibus,
1778 639 1900 694 quod
1926 639 2073 681 inten-

498 711 644 753 tiones
671 724 791 759 suas,
841 725 977 766 super
1020 711 1232 767 predictis
1283 710 1612 766 questionibus,
1666 709 1986 752 controversiis
2028 711 2073 751 ct
2132 702 2134 705 ’

499 781 656 825 litibus
690 781 754 824 eis
784 781 1026 824 redderent
1051 782 1099 823 in
1128 781 1323 837 scriptis.

562 853 613 894 Et
641 852 786 895 dictus
814 852 1026 894 dominus
1053 852 1342 900 Bertrandus,
1372 852 1429 894 ad
1456 850 1803 893 certificandum
1832 850 1976 893 dictos
2002 863 2066 893 ar-

498 923 640 966 bitros
662 923 718 965 de
738 922 988 966 intentione
1010 935 1107 971 sua,
1133 923 1330 965 reddidit
1351 922 1600 977 quamdam
1623 921 1835 963 cedulam
1857 920 2073 976 scriptam

503 1007 592 1051 que
630 993 888 1049 incipiebat:
920 1007 1071 1035 coram
1099 992 1238 1035 vobis.

560 1064 714 1107 Dictus
741 1064 1088 1106 vero‘dominus
1115 1063 1308 1106 Poncius
1335 1062 1456 1105 Petri
1484 1062 1680 1104 reddidit
1707 1061 1917 1105 similiter
1935 1061 2072 1104 aliam
2135 1069 2137 1071 ’

501 1136 710 1178 cedulam
737 1134 952 1190 scriptam
979 1133 1353 1195 que,‚incipiebat:
1388 1133 1477 1174 llec
1502 1139 1611 1175 sunt
1641 1133 1688 1174 in
1715 1131 1883 1190 quibas
1924 1131 2027 1174 dom
2039 1133 2073 1174 ι’-

499 1221 587 1249 nus
640 1201 862 1247 Henricas
914 1203 1177 1261 injuriatur
1220 1204 1393 1246 Poncio
1446 1204 1589 1262 Petri,
1621 1203 1806 1245 domino
1833 1203 2068 1260 Aqanlici,

500 1284 580 1322 etc.

566 1347 620 1391 Et
646 1347 732 1390 fuit
752 1360 1025 1403 responsum
1050 1360 1131 1402 per
1157 1346 1329 1389 dictum
1351 1346 1586 1389 dominum
1607 1346 1826 1388 Poncium
1853 1345 1987 1395 Petri,
2017 1346 2076 1388 ad

501 1418 852 1476 requisitionem
903 1417 1128 1470 dictorum
1154 1417 1447 1464 arbitrorum,
1480 1416 1782 1472 positionibus
1805 1419 1850 1459 et
1888 1416 2072 1472 peticio-

465 1489 469 1491 ’
504 1490 639 1532 nibus
665 1503 747 1544 per
772 1488 943 1531 dictum
989 1488 1226 1530 dominum
1254 1488 1580 1543 Bertrandum
1606 1487 1811 1536 redditis,
1842 1489 1975 1543 prout
2028 1487 2072 1528 in

502 1560 622 1603 dicta
650 1558 812 1602 cedula
846 1558 1114 1601 continetur.

563 1702 616 1745 Et
642 1701 728 1744 fuit
748 1701 1008 1744 continuata
1029 1701 1126 1743 dies
1153 1701 1209 1743 de
1230 1701 1462 1744 voluntate
1490 1700 1694 1756 parcium
1716 1713 1862 1757 usque
1884 1701 1932 1743 in
1951 1714 2070 1744 cras·
2104 1739 2115 1749 ,

503 1773 665 1822 tinum;
697 1772 744 1814 in
771 1785 860 1828 quo
887 1772 1084 1814 crastino
1111 1775 1476 1827 comparuerunt.

563 1844 617 1887 Et
643 1843 789 1886 dictus
823 1842 1035 1885 dominus
1063 1843 1339 1885 Bertrandus
1367 1842 1616 1898 respondit,
1646 1855 1797 1885 coram
1842 1843 1973 1886 dictis
2001 1857 2071 1886 nr-

506 1914 650 1962 bitris,
672 1913 975 1969 positionibus
996 1926 1078 1968 per
1097 1913 1268 1955 dictum
1288 1913 1506 1955 Poncium
1528 1913 1732 1961 redditis,
1757 1916 1891 1969 prout
1909 1913 1956 1956 in
1978 1913 2070 1957 fine

503 1985 710 2041 ipsarum
737 1983 1066 2027 continebatur.
2016 1995 2026 2001 ·

566 2126 673 2169 Post
698 2125 780 2169 hec
806 2125 913 2168 dicti
944 2125 1120 2180 'arbitri
1147 2125 1496 2180 assignaverunt
1522 2125 1644 2167 diem
1671 2125 1802 2168 dictis
1842 2126 2062 2181 partibus,

505 2197 675 2242 scilicet
701 2196 822 2239 diem
849 2196 955 2238 lune
982 2198 1086 2238 ante
1131 2195 1299 2238 festum
1346 2196 1489 2238 sancti
1536 2197 1790 2244 Laurencii‚'
1824 2201 1869 2239 et
1918 2197 2067 2240 locum
2132 2238 2133 2241 ,

505 2268 627 2325 apud
653 2267 878 2314 emissae,
904 2280 1008 2308 cum
1034 2266 1377 2309 continuacione
1403 2266 1563 2321 ipsius;
1593 2267 1657 2309 ita
1681 2268 1821 2323 quod,¹
1858 2268 1916 2310 ad
1942 2268 2066 2311 diem

501 2340 643 2387 illam,
673 2337 876 2395 quelibet
902 2337 1106 2392 parcium
1132 2338 1320 2379 veniant
1347 2336 1491 2392 parati
1517 2337 1575 2379 ad
1627 2338 1963 2393 procedendum
1991 2353 2065 2382 su-

504 2423 585 2466 per
604 2408 832 2464 predictis,
864 2408 921 2450 ad
948 2407 1250 2462 cognitionem
1278 2408 1501 2450 dictorum
1531 2408 1820 2456 arbitrorum;
1995 2454 2001 2463 .

564 2478 778 2521 Volentes
805 2481 849 2520 et
875 2478 1175 2533 precipientes
1203 2478 1334 2520 dictis
1361 2478 1582 2533 paitibus,
1613 2491 1670 2520 cx
1707 2479 1864 2534 vigore
1910 2479 2054 2536 ipsius
2116 2518 2142 2534 Ι.

499 2547 831 2604 compromissi
851 2548 973 2603 quod
993 2548 1195 2604 quelibet
1221 2548 1444 2590 dictarum
1481 2548 1685 2603 parcium
1714 2549 1857 2604 possit
1897 2543 2063 2606 produ-

502 2631 602 2663 cere
623 2617 823 2674 quinque
846 2621 982 2660 testes
1005 2632 1142 2673 super
1160 2619 1276 2661 facto
1294 2619 1348 2660 de
1367 2617 1436 2660 las
1453 2618 1719 2667 Aac-scedola
1735 2619 1792 2662 ad
1812 2620 2063 2664 certifican-
2120 2608 2137 2630 ³

502 2691 613 2733 dum
639 2688 781 2745 dictos
808 2685 1020 2737 arbitro&
1048 2691 1092 2730 et
1118 2702 1209 2731 non
1235 2689 1403 2744 plures,
1430 2689 1696 2745 prefigendo
1724 2689 1789 2732 eis
1818 2704 2061 2735 numerum

499 2760 686 2803 testium
713 2771 849 2814 super
874 2758 950 2800 illo
977 2759 1172 2814 capitulo
1200 2759 1254 2801 de
1284 2758 1353 2801 las
1379 2758 1629 2802 Aascedats
1656 2760 1818 2803 solum.

561 2830 653 2882 Que
719 2829 815 2872 dies
870 2833 1111 2885 prorogata
1165 2828 1280 2888 [fuit]
1348 2843 1492 2886 usque
1551 2831 1608 2872 ad
1660 2831 1781 2873 diem
1852 2833 2061 2876 mercurii
