2107 3404
820 134 1070 208 —3997-

166 243 479 300 Magalonensi
505 245 716 299 episcopo
745 245 789 285 et
808 237 925 285 aliis'
947 240 1137 289 conreis,
1166 240 1375 289 facimus,
1406 240 1592 284 nomine
1618 242 1726 286 dicti

167 313 340 357 domini
367 313 544 357 comitis
571 317 616 356 et
660 326 741 368 pro
768 325 835 360 eo,
891 313 1074 368 plenam
1100 310 1450 359 absolutionem,
1498 311 1727 356 remissio-

166 397 288 433 nem,
313 384 614 441 quitationem
640 386 685 426 et
706 384 878 425 bonum
906 382 1048 425 finem
1077 395 1198 424 nunc
1218 384 1262 424 et
1288 381 1336 424 in
1370 385 1658 437 perpetuum,
1683 386 1728 426 et

168 455 370 512 pacitum
413 455 638 510 generale,
694 454 905 510 speciale,
955 454 1091 501 reale,
1140 452 1392 509 personale,
1435 453 1638 495 validum
1683 457 1728 497 et

152 525 420 582 -sollempne
443 525 498 568 de
539 539 630 568 non
676 525 873 581 petendo
900 524 1065 567 amodo
1087 524 1230 566 dictas
1269 523 1543 579 quingentas
1586 524 1726 568 libras

166 595 510 652 melgorienses‚
553 599 598 638 et
636 596 692 638 de
719 608 811 638 non
837 594 1026 637 ulterius
1053 594 1244 650 agendo,
1287 595 1522 638 occasione
1549 610 1727 639 earum-

167 667 289 715 dem,
319 669 454 722 prout
497 667 663 709 melius
691 653 766 723 [et]
817 666 974 708 utilius
1001 658 1103 712 dici,
1135 664 1283 713 scribi,
1326 665 1515 722 intelligi
1542 680 1622 709 seu
1649 681 1727 710 ex·

167 736 354 792 cogitari
400 740 550 792 potest
576 750 656 780 seu
696 736 876 792 poterit,
907 736 965 779 ad
992 735 1234 779 comodum
1261 735 1368 779 dicti
1390 736 1565 780 domini
1609 738 1728 794 epis-

166 807 267 863 copi
296 805 371 865 [et]
400 807 660 850 utilitatem.

226 878 280 921 Et
305 877 443 920 nichil
469 878 686 926 diximus,
728 878 934 926 fecimus,
977 875 1082 936 ve[l]
1104 877 1307 921 dicemus
1328 891 1408 920 seu
1435 878 1654 923 faciemus
1679 880 1728 923 in

165 947 387 997 futurum,
412 949 658 1004 quominus
685 949 933 1004 prescripta
957 948 1113 991 omnia
1139 951 1184 990 et
1210 948 1390 1003 singula
1417 962 1500 992 sua
1543 955 1728 994 careant

165 1017 400 1068 firmitate;
448 1032 555 1076 ymo
582 1033 636 1062 ea
685 1020 898 1062 volumus
944 1020 1105 1062 robore
1130 1021 1352 1075 perpetuo
1380 1022 1424 1062 et
1473 1021 1728 1066 inviolabili

166 1089 427 1145 perdurare.
1656 1095 1659 1098 '

226 1162 338 1204 Acta
364 1162 577 1204 sunt‘hec
605 1162 650 1203 in
671 1162 1083 1217 Montepessulano‚
1108 1162 1155 1203 in
1175 1161 1411 1217 presencia
1435 1166 1481 1206 et
1525 1164 1726 1208 testimo-

166 1231 242 1274 nio
285 1231 516 1274 Guillelmi
543 1233 599 1275 de
649 1233 825 1287 Aspris,
875 1232 1090 1275 Bcrnardi
1136 1232 1192 1275 de
1236 1232 1457 1281 Mabuzia‚
1505 1234 1724 1279 Johannis

166 1301 424 1345 Rossinholi
454 1306 766 1352 mercatorum,
819 1303 1054 1346 Bertrandi
1081 1303 1264 1346 Collecti
1290 1303 1552 1359 jurisperiti,
1607 1306 1730 1348 Guil-

167 1372 293 1414 lelmi
317 1374 502 1416 Jordani
541 1374 605 1417 de
624 1374 867 1423 Amiliano,
899 1377 943 1417 et
989 1374 1079 1416 mel
1105 1374 1324 1417 Johannis
1365 1375 1617 1424 Grimaudi,
1648 1390 1731 1432 pu-

166 1443 684 1500 bliciMontispessulani
706 1445 884 1493 notarii,
916 1445 995 1502 qui
1022 1444 1235 1502 utrinque
1262 1448 1446 1500 rogatus
1473 1445 1555 1489 hec
1571 1447 1725 1503 scripsi

167 1517 212 1556 et
237 1514 366 1569 signo
390 1529 491 1558 meo
513 1516 705 1572 signavi,
731 1519 775 1559 et
794 1516 885 1560 rasi
912 1520 957 1559 et
982 1515 1192 1571 rescripsi
1220 1529 1358 1572 supra
1384 1516 1432 1558 in
1458 1516 1550 1560 fine
1571 1518 1728 1573 quinte

166 1584 285 1628 linee
311 1585 358 1628 in
385 1587 578 1630 dictione
606 1588 780 1630 comite.

1095 1729 1191 1768 (Reg.
1215 1729 1250 1767 C,
1272 1728 1331 1761 iol.
1356 1730 1412 1761 101
1437 1732 1497 1769 v’).

627 1998 925 2052 DCCCIXJ—
956 2009 1010 2051 12
1038 2010 1130 2053 mai
1159 2010 1273 2053 1289

216 2171 658 2210 Reconnaissance
678 2173 797 2210 faite
818 2174 849 2210 ὲ.
885 2173 1103 2220 Ρὸνὸᾳιιθ
1123 2184 1216 2220 par
1235 2175 1378 2211 Pons
1417 2175 1613 2220 Pierre,
1634 2177 1730 2212 sei-

165 2239 327 2276 gneur
347 2231 407 2268 de
428 2231 644 2279 Ganges.

228 2361 277 2403 In
303 2362 487 2405 nomine
515 2364 722 2422 Domini„
737 2366 868 2406 Anno
895 2365 952 2406 ab
975 2364 1286 2407 Incarnatione
1313 2364 1518 2420 ejusdem
1546 2366 1732 2408 millesi-

170 2443 245 2474 mo
265 2431 574 2477 ducentesimo
594 2435 901 2489 octuagesimo
917 2448 1048 2483 nono,
1069 2435 1279 2478 videlicet
1293 2430 1453 2492 quarto
1480 2436 1582 2479 idus
1603 2437 1726 2485 maii,

167 2502 355 2558 domino
370 2504 581 2560 Philippo
608 2519 713 2561 rege
727 2506 1003 2548 Francorum
1026 2508 1258 2560 regnante,
1279 2520 1361 2549 nos
1381 2507 1572 2550 Poncius
1588 2508 1722 2555 Petri,

167 2572 382 2616 dominus
427 2575 647 2629 Agantici,
679 2576 779 2618 viso
801 2579 845 2618 et
883 2576 1111 2619 intellecto
1144 2577 1266 2632 quod
1287 2577 1474 2620 illustris
1513 2578 1726 2620 dominus

52 2703 54 2705 Ι
129 2666 141 2679 -
171 2642 406 2693 Henricus‚
435 2658 587 2688 comcs
613 2646 933 2695 Ruthenensis‚
964 2646 1171 2689 vendidit
1197 2648 1328 2691 vobis
1355 2648 1541 2690 domino
1570 2649 1731 2691 Beren-

49 2719 109 2772 {ff-
164 2712 310 2768 gano,
339 2714 419 2757 Dei
445 2715 589 2770 gratia
615 2716 826 2772 episcopo
853 2717 1180 2772 Magalonensi,
1204 2720 1348 2760 totum
1376 2719 1487 2760 illud
1512 2718 1583 2774 jus·
1610 2719 1731 2774 quod

48 2778 95 2863 *ᾗ
131 2789 138 2792 ”
173 2782 371 2827 habebat
393 2785 440 2827 in
467 2785 602 2828 feudo
629 2787 749 2841 quod
777 2800 858 2829 nos
910 2788 1193 2830 debebamus
1213 2789 1272 2830 ab
1298 2789 1459 2830 eodem
1508 2792 1659 2829 tmere.
1686 2788 1733 2828 in

50 2851 169 3104 {³-
