1991 3279
989 351 1040 356 —
1071 307 1158 368 370
1187 352 1238 356 -

805 577 959 619 MCIV.
992 601 1045 606 -
1074 575 1125 617 '21
1158 576 1270 618 avril
1301 575 1414 617 1300

378 731 449 765 Le
468 730 658 776 viguier
678 730 738 766 de
758 730 991 776 Melgueil
1013 731 1234 775 s'oppose
1255 729 1285 764 ‘a
1303 739 1370 763 un
1391 730 1498 764 acte
1514 729 1700 775 d'appel
1719 728 1807 765 fait
1827 739 1890 766 au

326 790 440 836 jug-e
460 790 919 836 d’Aigues-Mortes.

390 934 520 975 Anno
550 933 728 975 Domini
753 933 995 975 millesimo
1025 933 1377 975 trescentesimo.
1411 935 1454 974 et
1481 933 1776 975 dievicesima
1802 933 1891 989 pri-

330 1017 405 1046 ma
425 1004 599 1059 aprilis,
632 1005 925 1047 serenissimo
954 1005 1157 1060 principe
1185 1005 1371 1046 domino
1399 1004 1624 1059 Philippo,
1646 1004 1726 1046 Dei
1747 1004 1892 1059 gratia

330 1076 602 1118 Francorum
625 1079 856 1130 regnante,
883 1076 1084 1118 existens
1113 1076 1158 1117 in
1180 1075 1304 1119 curia
1331 1077 1563 1130 Aquarum
1591 1076 1886 1124 Mor-tuarum,

327 1160 478 1189 coram
493 1148 631 1189 nobili
660 1147 757 1189 viro
785 1147 969 1190 domino
992 1147 1233 1190 Guillelmo
1259 1148 1315 1188 de
1342 1147 1551 1195 Lunario‚
1580 1147 1722 1189 milite
1745 1146 1890 1189 domi-

330 1218 374 1259 ni
400 1219 673 1261 Francorum
689 1218 822 1273 regis,
842 1218 1010 1261 vicario
1027 1221 1071 1260 et
1086 1218 1330 1261 castellano
1352 1219 1587 1274 Aquarum
1605 1218 1885 1260 Mortuarum

329 1293 373 1332 et
399 1290 582 1332 domino
634 1291 760 1332 Bndo
789 1290 1049 1345 Marquesii,
1103 1289 1250 1345 judice
1278 1289 1383 1331 dicti
1411 1289 1511 1337 loci,
1548 1303 1629 1344 pro
1672 1289 1888 1332 tribunali

329 1361 607 1404 sedentibus
630 1362 846 1416 magister
872 1362 1128 1403 Bernardus
1144 1361 1200 1403 de
1226 1360 1376 1409 Trssia,
1396 1361 1473 1416 qui
1501 1374 1549 1403 se
1564 1361 1671 1403 dicit·
1690 1359 1886 1403 vicarius

329 1433 550 1486 Melgorii.
582 1433 659 1488 qui
687 1433 804 1475 dixit
831 1436 874 1474 et
920 1432 1154 1488 proposuit
1179 1445 1328 1475 coram
1357 1431 1488 1475 dictis
1515 1432 1700 1474 domino
1720 1432 1887 1475 vicario

328 1507 367 1546 el
396 1504 560 1559 judice,
591 1505 714 1561 quod
742 1506 899 1547 datum
928 1508 1022 1547 erat
1073 1504 1158 1546 sibi
1187 1504 1376 1559 intelligi
1405 1507 1448 1545 et
1475 1518 1553 1559 pro
1580 1507 1715 1551 certo,
1765 1503 1885 1559 quod

328 1576 431 1618 dicti
461 1576 633 1617 domini
661 1576 852 1618 curiales
892 1576 1154 1618 nitebantur
1179 1589 1460 1630 cognoscere.
1491 1575 1539 1616 in
1564 1575 1687 1617 curia
1737 1576 1887 1631 Aqua-

328 1661 426 1688 rum
456 1649 752 1696 Mortuerum,
785 1649 840 1690 de
868 1648 1066 1703 quadam
1094 1647 1397 1702 appellatione
1426 1647 1609 1695 emissa,
1628 1650 1678 1689 ut
1704 1646 1879 1695 dicitur,

326 1719 383 1760 ad
410 1719 581 1761 curiam
611 1720 845 1774 Aquarum
867 1720 1147 1761 Mortuerum
1177 1718 1284 1759 ssndi
1318 1718 1561 1760 senatoris
1589 1719 1644 1761 de
1671 1718 1885 1773 Melgorio

327 1803 353 1831 a
404 1791 601 1846 quadam
631 1790 852 1833 sententia
882 1790 974 1832 lata
1003 1793 1160 1832 contra
1210 1790 1359 1845 ipsum
1390 1790 1567 1831 Bnduin
1620 1789 1881 1837 Serratoris,

328 1875 408 1916 pro
436 1863 567 1904 Petro
590 1862 759 1904 Ladelli
789 1862 843 1903 ile
881 1861 1354 1917 Montepessulanoin
1382 1861 1504 1903 curia
1530 1861 1749 1916 Melgorii‚
1808 1874 1887 1916 per

329 1933 544 1974 vicarium
574 1936 680 1975 tune
706 1933 826 1975 curie
855 1934 1053 1988 predicte
1091 1933 1310 1987 Melgorii:
1361 1935 1404 1973 et
1431 1932 1631 1988 predicta
1681 1932 1885 1974 nituntur

328 2003 473 2046 farere
502 2005 557 2045 «le
587 2004 718 2048 laeto.
750 2018 853 2046 eum
875 2004 1048 2059 dejure
1079 2018 1167 2045 non
1195 2006 1395 2058 possent,
1427 2007 1477 2045 ut
1503 2004 1678 2045 dicitur.

385 2075 464 2116 Cui
491 2076 736 2130 cognitioni
763 2079 807 2117 ot
834 2075 1078 2131 processui,
1112 2075 1215 2117 inde
1245 2075 1360 2117 l'aclo
1382 2079 1426 2117 et
1451 2075 1660 2117 faciendo
1687 2075 1735 2116 in
1785 2089 1886 2131 pre-

327 2146 582 2188 senlicuria
611 2161 692 2202 pro
743 2147 973 2202 predictis,
1029 2146 1136 2188 (licit
1163 2146 1309 2188 (lictus
1347 2146 1560 2202 magister
1611 2147 1880 2193 Bernardus,

326 2217 519 2260 vicarius
556 2218 773 2272 Melgorii.
808 2222 855 2259 ut
882 2218 1002 2265 (licit,
1036 2232 1082 2260 se
1110 2230 1196 2259 non
1226 2217 1494 2273 consent-ire,
1526 2231 1632 2273 ymo
1670 2231 1884 2273 expresse

325 2289 602 2338 contradicit,
626 2289 669 2330 in
693 2293 911 2345 quantum
934 2292 1087 2344 posset
1115 2289 1394 2344 prejudicare
1411 2288 1498 2343 juri
1523 2292 1567 2331 et
1585 2288 1885 2344 jurisdictioni

326 2360 494 2401 domini
525 2360 859 2415 Magalonensis
887 2360 1088 2416 episcopi
1112 2363 1155 2401 et
1183 2360 1360 2402 comitis
1388 2360 1606 2414 Melgorii‚
1638 2361 1695 2403 ad
1746 2373 1882 2416 quem

326 2430 631 2472 (involvuntur
659 2435 701 2473 et
728 2432 911 2474 devolvi
939 2435 1272 2474 consueverunt
1309 2431 1637 2486 appellationes
1665 2431 1830 2474 emisse
1857 2445 1883 2473 a

325 2501 447 2543 <turia
475 2516 556 2544 sua
576 2503 777 2557 Melgorii
808 2517 886 2558 per
911 2517 1222 2559 quoscunque,
1257 2505 1302 2544 ut
1329 2502 1448 2544 (licit.

389 2573 436 2613 Et
464 2573 557 2627 ipse
586 2575 797 2616 dominus
825 2575 1064 2629 episeopus
1092 2577 1134 2614 rt
1163 2573 1258 2628 ejus
1276 2574 1614 2628 predecessores
1634 2576 1883 2628 agnoscunt

327 2646 371 2684 et
391 2649 711 2698 ‹sognrwerunh
746 2648 782 2686 et
827 2659 1093 2699 cognosrere
1117 2648 1154 2686 rt
1186 2644 1384 2686 ‹lil'l‘iuire
1423 2648 1770 2697 consueverunt,
1802 2658 1881 2687 seu

325 2714 396 2755 alii
423 2728 502 2769 pro
530 2730 580 2757 eo
610 2731 687 2757 seu
740 2716 836 2771 ejus
866 2717 1095 2762 mandato,
1127 2719 1175 2757 ut
1201 2716 1321 2763 dicit,
1352 2729 1453 2757 cum
1489 2716 1638 2772 alique
1683 2716 1882 2771 appella-

327 2784 468 2827 tiones
513 2800 536 2827 a
567 2787 682 2828 dieta
705 2788 827 2829 curia
866 2787 1070 2841 Melgorii
1116 2787 1420 2829 innitebantur
1447 2790 1490 2829 et
1535 2787 1723 2836 [iebanlx
1755 2789 1799 2829 et
1824 2787 1880 2829 de

325 2857 536 2910 predictis
564 2861 645 2904 est,
666 2862 708 2899 et
735 2858 830 2912 ejus
860 2859 1200 2913 predecessores
1224 2857 1406 2900 luerunt
1434 2859 1479 2899 in
1497 2858 1663 2907 semina,
1686 2860 1733 2900 ut
1755 2857 1876 2906 dicit,

324 2930 367 2968 et
393 2927 521 2982 quasi
551 2929 834 2983 possessione
858 2944 935 2983 per
962 2932 1167 2984 tempora
1195 2932 1425 2978 retroacta

382 2998 632 3053 Requirens
661 3000 802 3041 dictos
830 3000 1039 3042 dominos
1067 3000 1273 3049 curiales,
1305 3001 1425 3055 quod
1452 3000 1589 3042 nichil
1608 3001 1882 3055 attemptent
