2112 3555
827 313 1020 356 -5-

131 417 282 469 archa,
311 417 436 463 illius
462 415 632 462 scilicet
651 420 835 462 monete
862 431 952 475 que
977 420 1089 462 tunc
1113 415 1272 474 legalis
1295 417 1553 475 reperietur.

165 488 242 550 ‘Et
260 502 342 533 nos
362 488 419 532 ad
440 488 690 546 predictam
718 492 950 533 monetam
975 488 1231 533 cudendam
1271 493 1315 532 et
1359 489 1448 533 alia
1488 503 1515 532 n
1533 504 1694 534 {cessa-

128 559 368 621 vria'dicte
409 562 591 604 monete
630 559 924 607 concedimus
969 559 1118 605 vobis,
1172 559 1269 602 sino
1322 563 1554 616 p‹·1:s³one.
1587 560 1698 603 al'cs

127 629 288 674 domos
312 632 488 673 nostras
520 642 634 687 quas
677 629 914 678 habemus,
958 633 1005 673 et
1032 629 1173 673 eciam
1215 630 1326 673 alias
1357 644 1396 671 :n
1445 631 1552 674 loe-Is
1579 644 1693 687 qms

130 699 262 745 adid
281 699 506 744 duxeritis
531 699 777 756 eligendos.
1129 699 1138 708 '

193 771 248 815 Et
270 784 353 814 nos
380 771 629 827 supradicti
655 771 905 826 burgenses
929 785 1008 827 per
1033 784 1115 814 nos
1143 774 1186 814 et
1213 773 1388 814 nostros
1417 770 1628 814 uiiiversa
1657 774 1693 814 cI

132 841 311 897 singula
337 842 592 889 laudamus,
636 842 929 884 concedimus
951 844 995 885 et
1041 843 1368 897 approbamus,
1399 846 1438 884 et
1467 843 1621 885 omnia
1649 856 1699 883 oa

131 912 310 968 integra
335 911 565 955 bonafide
606 915 651 954 et
676 912 880 968 legaliter
919 915 1192 960 servaturos,
1224 916 1265 954 el
1297 927 1376 955 nos
1403 917 1557 955 eontra
1589 927 1702 953 imu-

132 995 273 1039 quam
300 985 531 1031 venturos,
563 982 674 1024 etin
704 985 798 1024 tota
836 983 1041 1039 predicta
1082 986 1281 1032 moneta,
1326 985 1371 1025 in
1399 986 1515 1025 [acto
1562 983 1703 1038 ipsius

134 1056 331 1101 monete,
362 1066 445 1096 nos
473 1053 669 1096 fideliter
688 1053 940 1102 habituros,
972 1054 1145 1109 absque
1173 1043 1511 1103 omni'‚l'1·aude,
1537 1056 1581 1096 et
1609 1066 1706 1096 ma-

134 1123 180 1166 la
204 1126 317 1173 arte,
347 1126 392 1166 et
419 1123 772 1171 machinacione‚
803 1124 950 1172 vobis,
996 1124 1201 1180 predicto
1254 1125 1438 1166 domino
1489 1124 1701 1180 episeopo

136 1194 389 1251 stipulanti,
421 1194 735 1250 promictimus
763 1197 807 1237 et
831 1194 1037 1251 juramus
1064 1208 1202 1251 super
1228 1198 1383 1237 sancta
1403 1198 1598 1250 'quatuor
1623 1194 1704 1236 Dei

134 1265 373 1320 evangelia
396 1264 690 1320 corporaliter
719 1267 854 1308 tacta.

196 1335 430 1378 Postremo
457 1335 692 1377 sciendum
721 1338 790 1378 est
813 1335 1084 1378 convenisse
1114 1336 1236 1378 inter
1269 1336 1439 1378 dictum
1466 1336 1704 1378 dominum

135 1405 401 1461 episcopum
428 1407 472 1447 et
498 1405 640 1448 dictos
670 1406 934 1461 burgenses,
978 1406 1116 1462 quod,
1146 1407 1203 1449 ad
1233 1407 1517 1462 probandum
1542 1408 1705 1448 dictam

136 1478 368 1518 monetam
395 1478 439 1518 et
465 1475 727 1518 faciendum
756 1489 889 1532 essaq
916 1489 1055 1532 super
1081 1476 1245 1532 ipsam,
1288 1478 1423 1523 debet
1466 1475 1709 1534 a[djhiberi

139 1546 216 1589 ille
242 1545 323 1603 qui
343 1546 516 1589 tenebit
562 1545 808 1588 esinerium
860 1547 1034 1601 argenti
1080 1547 1126 1589 in
1171 1547 1582 1603 Monlepessulam5
1632 1547 1705 1602 qui

134 1616 305 1672 jurabit
330 1616 377 1658 in
404 1629 542 1659 manu
569 1616 744 1658 domini
772 1617 987 1673 episcopi,
1020 1631 1066 1660 se
1096 1618 1265 1660 dictam
1296 1631 1526 1660 mon-,nani
1558 1619 1678 1660 lutet

138 1690 207 1730 ter
229 1686 538 1743 judicaturum
565 1687 817 1730 secundum
845 1677 994 1742 legem
1024 1689 1344 1744 prescriptann
1377 1691 1449 1731 vel
1498 1690 1612 1731 alius
1643 1690 1710 1730 xssi·

141 1757 197 1800 de
223 1771 448 1800 consensu
474 1757 711 1813 utriusque
739 1757 896 1813 partis.

198 1828 252 1871 Et
278 1841 375 1884 ego,
406 1828 662 1871 Bernardus
690 1828 746 1871 de
773 1828 1007 1884 Agritolio‚
1039 1828 1162 1885 prior
1206 1829 1391 1873 ecclesie
1421 1830 1474 1872 de
1504 1830 1701 1878 Caslriis,

142 1899 189 1941 in
215 1899 417 1941 animam
445 1899 551 1941 dicti
579 1899 752 1941 domini
780 1899 994 1955 episcopi,
1026 1913 1106 1955 pro
1134 1900 1233 1955 ipso
1261 1903 1304 1942 et
1332 1900 1428 1955 ejus
1487 1901 1701 1943 mandato

139 1972 278 2026 atque
306 1969 505 2018 licencia,
536 1970 737 2024 predicta
762 1970 916 2012 omnia
942 1983 1123 2013 servare
1152 1974 1195 2013 et
1221 1972 1461 2014 custodire.
1490 1972 1609 2013 sicut
1636 1986 1710 2013 su-

140 2039 294 2096 perius
320 2043 426 2082 sunt
453 2053 685 2095 expressa,
717 2030 1012 2084 sacrosanctis
1040 2042 1287 2096 evangeliis
1318 2043 1461 2089 lactis,
1516 2043 1631 2097 juro,
1661 2045 1703 2084 ct

142 2123 198 2153 ne
215 2111 417 2169 [iredipta
441 2110 487 2152 in
515 2111 706 2152 dubium
735 2111 934 2153 revocari
958 2112 1142 2154 valeant
1164 2113 1207 2153 in
1235 2112 1455 2154 futurum.
1483 2126 1579 2155 nos.
1612 2126 1711 2168 pre-

142 2180 262 2224 fatus
289 2181 542 2236 episcopus,
575 2184 834 2236 presentem
873 2190 1044 2224 cartam
1091 2183 1226 2237 sigilli
1272 2183 1412 2225 nostri
1463 2184 1709 2238 patrocinio

140 2250 361 2307 jussimus
408 2251 699 2299 communiri;
748 2265 837 2306 quo
866 2252 1053 2307 quidem
1105 2253 1243 2296 fracto
1270 2267 1376 2296 casu
1417 2254 1583 2310 aliquo,
1639 2254 1711 2295 vel

144 2324 335 2369 remoto,
362 2335 549 2376 presens
570 2321 927 2364 instrumentum
958 2323 1283 2371 nichilo-minus
1304 2314 1716 2379 plenanfoblineat

146 2391 428 2434 firmitatem.

206 2462 317 2504 Acta
344 2461 529 2504 fuerunt
554 2461 637 2503 hec
691 2462 815 2517 apud
841 2462 1360 2518 R‘Iontempessulanum,
1393 2463 1439 2505 in
1485 2463 1718 2519 presencia

146 2535 190 2574 et
242 2532 501 2574 testimonio
529 2533 766 2575 Bertrandi
811 2533 866 2574 de
895 2534 1182 2588 campanhas
1230 2528 1455 2582 canonici,
1512 2535 1717 2588 magistri

94 2605 98 2609 '
144 2602 376 2647 Guillelini
403 2602 610 2651 Gillonis,
643 2603 863 2659 Stephani
891 2604 1114 2647 Marcialis
1153 2605 1314 2653 cleriei,
1346 2608 1390 2647 et
1416 2606 1507 2647 mei
1549 2605 1715 2647 ,lolian-

99 2701 103 2704 -
145 2673 215 2716 nis
241 2672 516 2721 Brunenchi,
548 2673 655 2715 dicti
682 2674 855 2716 domini
877 2674 1079 2730 episcopi
1106 2675 1152 2716 in
1180 2689 1261 2718 sua
1290 2676 1457 2718 diocesi
1502 2679 1547 2718 et
1572 2675 1711 2717 comi-

145 2745 239 2786 tatu
273 2743 476 2798 Melgorii
504 2746 547 2785 et
597 2744 971 2787 Montisl'errandi
998 2746 1169 2800 publici
1222 2740 1395 2794 notarii,
1422 2746 1499 2801 qui
1527 2746 1715 2787 manda-

146 2816 220 2857 tus
235 2814 317 2856 hec
336 2813 496 2869 scripsi
511 2816 554 2855 et
569 2814 697 2869 signo
715 2827 817 2857 meo
846 2815 1024 2870 signavi
1056 2819 1098 2857 el
1114 2817 1412 2872 superscripsi
1433 2816 1680 2858 universas.

1070 2910 1169 2948 (lleg.
1195 2910 1227 2947 F,
1252 2910 1308 2940 fo..
1338 2912 1387 2940 2:31
1414 2917 1466 2947 Γ).
