1991 3279
995 363 1047 369 —-
1082 337 1248 381 830-

341 456 473 488 novo‚
505 445 548 483 et
575 442 733 483 Petrus
759 441 851 484 Jori
873 443 1080 486 consules
1096 444 1213 486 dicte
1241 443 1361 491 ville,
1393 443 1626 487 certificati
1654 443 1830 500 plenius
1858 446 1902 487 et

341 512 543 555 instructi
571 513 626 554 de
672 513 884 555 omnibus
912 516 954 555 et
993 514 1197 570 singulis,
1241 515 1287 556 in
1333 515 1452 557 dicta
1495 514 1777 558 ordinatione
1822 528 1902 557 seu

344 583 641 626 transactione
670 585 908 628 contentis.
940 585 1187 642 habitoque
1209 585 1396 628 consilio
1417 599 1518 629 cum
1547 585 1734 628 consilio
1749 588 1902 628 nostro

342 657 528 702 secreto,
561 654 769 696 videlicet
798 669 1018 698 novorum
1050 657 1302 705 consulum,
1333 671 1566 712 procerum
1597 660 1641 699 ct
1671 656 1902 712 jurisperi-

340 728 504 773 torum,
537 726 591 767 de
618 726 806 768 consilio
833 730 984 769 nostro
1026 728 1173 782 ipsam
1199 728 1528 771 ordinationem
1569 742 1648 771 seu
1675 727 1904 770 transhac-

345 797 514 839 tionem
542 811 622 852 per
648 811 728 839 nos
756 801 801 840 et
827 811 986 840 omnes
1014 802 1192 842 nostros
1220 813 1514 847 successores,
1546 799 1721 842 futuros
1743 811 1904 841 eonsu-

340 868 404 909 les
433 868 547 910 dicte
576 868 696 916 ville,
728 869 983 917 laudamus,
1026 872 1349 926 approbamus,
1376 871 1703 925 emologamus.
1734 872 1779 912 et
1803 883 1904 926 per-

340 941 475 994 petuo
503 939 841 987 eonsirmalnus;
863 944 906 982 et
932 941 1078 996 ipsam
1107 942 1439 984 ordinationem
1458 956 1537 984 seu
1557 941 1902 984 transactionem

341 1024 520 1052 servare
553 1014 783 1066 perpetuo.
815 1012 997 1054 nomine
1025 1027 1114 1068 quo
1142 1027 1294 1068 supra,
1336 1013 1642 1068 promittimus
1671 1014 1715 1054 ct
1741 1025 1904 1055 conve-

342 1082 506 1129 nimus,
535 1082 647 1123 bona
678 1082 784 1130 fide,
813 1083 939 1125 vobis
968 1084 1151 1126 domino
1180 1084 1390 1140 episcopo
1419 1086 1684 1132 meinorato,
1717 1083 1900 1126 nomine

343 1168 432 1209 quo
460 1167 598 1208 supra
625 1153 871 1209 recipienti.

401 1226 512 1267 Acta
539 1229 644 1267 sunt
670 1226 751 1267 hec
792 1226 834 1267 in
864 1227 1278 1282 Montcpessulano,
1308 1227 1353 1268 in
1389 1226 1578 1269 ecclesia
1604 1227 1738 1269 Beate
1764 1226 1904 1269 Marie

343 1296 397 1338 sle
425 1296 623 1342 Tabulis,
655 1310 772 1339 anno
799 1297 1031 1340 Dominice
1070 1298 1394 1340 Incarnationis
1423 1298 1665 1340 millesimo
1693 1298 1904 1340 ducente-

341 1368 455 1409 simo
483 1367 788 1423 octuagesimo
810 1369 1199 1423 (znonagesimo)
1216 1373 1392 1418 octavo,
1424 1368 1591 1411 scilicet
1606 1382 1723 1411 nono
1749 1368 1904 1411 kalen—

342 1439 422 1480 das
450 1439 618 1493 aprilis,
668 1440 852 1482 domino
893 1440 1101 1496 Philippo
1129 1455 1231 1496 rege
1277 1441 1553 1483 Francorum
1594 1443 1824 1495 regnante,
1855 1439 1902 1482 in

343 1509 569 1564 presentia
585 1513 629 1552 et
648 1511 905 1553 testimonio
922 1512 1249 1553 venerabilium
1272 1512 1474 1554 virorum
1491 1511 1782 1554 dominorum
1800 1512 1905 1554 Bre-

342 1581 499 1622 mundi
528 1581 583 1623 de
602 1582 945 1625 ll'lonteterrario
974 1583 1148 1631 militis,
1174 1584 1327 1638 legum
1355 1582 1640 1638 professori&
1667 1583 1714 1624 B.
1734 1581 1905 1625 Mathei

343 1652 545 1694 canonici
591 1653 887 1696 Vix-ariensis.
932 1654 1140 1696 officialis
1185 1654 1532 1710 Magalonensis:
1581 1653 1810 1696 Guillelmi
1849 1653 1905 1696 de

345 1723 582 1765 Mirabello
618 1724 782 1779 prioris
829 1726 991 1767 Sancte
1033 1726 1218 1774 Eulalie‚
1260 1726 1477 1768 ,Iohannis
1523 1726 1577 1767 de
1623 1725 1906 1768 Montelauro

346 1795 506 1851 prioris
523 1795 576 1837 de
599 1795 786 1838 Consico
804 1797 1101 1846 (zCornone)
1118 1797 1319 1845 Terralli,
1345 1797 1461 1839 Petri
1481 1797 1535 1838 de
1567 1796 1604 1837 T
1602 1810 1726 1837 orces
1743 1795 1904 1851 prioris

344 1866 528 1908 ecclesie
575 1866 727 1909 Sancti
768 1868 946 1909 Andree
974 1869 1028 1909 de
1057 1868 1300 1924 Nocigsens,
1345 1868 1463 1910 Petri
1501 1867 1659 1910 Serani
1704 1866 1905 1910 canonici

343 1938 694 1992 Magalonensis,
745 1939 973 1980 Guillelmi
1021 1940 1075 1981 de
1132 1940 1263 1981 Ulmo
1309 1940 1491 1981 rectoris
1537 1938 1723 1981 ecclesie
1751 1937 1905 1981 Sancti

344 2009 523 2051 Geraldi
553 2010 745 2052 diocesis
764 2010 1056 2058 Lodovensis,
1082 2012 1161 2053 Bn.
1194 2011 1399 2058 Baudini,
1426 2011 1472 2053 Βξ
1505 2009 1686 2053 Castelli
1711 2009 1904 2066 jurispe-

354 2084 517 2127 torum;
576 2081 694 2122 Petri
741 2082 950 2137 Artorgii.
982 2082 1213 2124 Guillelmi
1253 2082 1428 2124 Beraldi
1472 2080 1829 2129 domicellorum;
1861 2082 1905 2122 et

346 2152 579 2193 Laurentii
606 2152 773 2200 Monia,
806 2153 974 2208 publici
1003 2153 1335 2208 Magalonensis
1381 2152 1579 2208 episcopi
1607 2151 1782 2201 notarii,
1825 2151 1904 2207 qui

347 2226 498 2265 notam
520 2224 743 2278 presentis
771 2224 1058 2267 instrumenti
1087 2225 1332 2281 requisitus
1361 2224 1538 2280 scripsit
1565 2226 1609 2266 et
1633 2223 1821 2266 notavit.

985 2368 1082 2406 (Ηυξ.
1106 2368 1144 2404 A,
1163 2367 1220 2399 fol.
1247 2367 1302 2398 178
1319 2372 1365 2403 v⁰‚
1388 2368 1421 2398 et
1440 2367 1477 2403 D,
1501 2366 1558 2397 fol.
1578 2365 1639 2396 326
1655 2366 1715 2404 v').
