1991 3279
1024 339 1274 384 —846-

375 450 429 491 (le
461 450 673 504 popiano,
706 451 748 489 et
776 460 930 489 eorum
959 447 1210 502 quemlibet
1236 447 1279 488 in
1309 447 1500 490 solidum
1530 447 1583 488 ad
1638 447 1927 490 vendendum
1970 449 1974 453 ”

375 519 737 562 distrahendum.
772 522 815 559 ct
841 518 1131 560 alienandum
1162 531 1242 574 per
1268 532 1340 560 ine
1367 521 1411 560 et
1437 518 1620 559 nomine
1649 531 1751 559 meo
1801 517 1930 573 quin·
1989 562 1991 578 ἱ

374 592 590 647 quaginta
620 589 806 632 sestaria
838 590 959 631 ordei
991 592 1034 631 et
1077 589 1258 644 triginta
1285 589 1452 648 solidos
1481 589 1804 643 melgorienses
1831 589 1928 632 sive
1988 627 1991 630 .

377 667 656 709 turonenses,
688 675 773 716 que
803 664 845 702 et
885 674 998 715 quos
1027 674 1107 715 ego
1136 664 1179 702 et
1206 660 1301 715 ipse
1330 660 1601 702 Bertrandus
1630 659 1750 702 filius
1800 672 1930 701 meus
1989 703 1991 706 ,

375 734 672 780 habebamus,
703 735 745 774 et
774 732 1147 787 percipiebamus,
1168 734 1211 773 et
1232 732 1461 786 percipere
1489 730 1829 773 debebamusin
1846 733 1932 772 ter·
1987 718 1991 770 ἶ

375 807 435 847 ris
476 805 570 845 sive
600 803 1072 859 possessionibusque
1101 805 1205 844 sunt
1226 803 1272 844 in
1301 804 1557 844 tenemento
1604 815 1683 844 seu
1711 801 1930 844 territorio

377 879 536 918 vocato
574 874 765 916 Pedium
812 874 1218 929 Argicragueriuni,
1255 877 1298 915 et
1336 873 1382 915 in
1417 876 1674 915 tenemento
1702 872 1849 915 mansi
1877 872 1931 915 de

379 950 528 991 Fossa:
549 959 686 1002 quam
704 945 927 1000 siquidem
946 946 1305 1000 procurationem
1335 948 1379 986 et
1405 943 1559 986 omnia
1579 943 1624 984 in
1652 957 1704 986 ea
1724 945 1934 986 contenta
1987 948 1991 957 ⁴

379 1021 553 1060 nuncet
571 1018 610 1058 in
636 1019 906 1072 perpetuum
924 1017 1073 1058 valere
1092 1017 1208 1065 volo,
1230 1019 1271 1058 et
1293 1016 1384 1057 vini
1402 1018 1445 1057 et
1460 1014 1711 1057 efficaciam
1729 1014 1934 1056 obtinere
1975 1039 1991 1076 ζ·

379 1093 421 1132 et
449 1089 618 1132 roboris
646 1088 910 1130 firmitatem
938 1088 1121 1135 habere3

438 1163 489 1203 Et
510 1174 677 1207 assero,
706 1159 750 1200 in
782 1159 967 1201 veritate
995 1158 1214 1200 confiteor
1240 1161 1284 1200 et
1310 1171 1581 1212 recognosco
1612 1156 1691 1199 tibi
1740 1156 1935 1198 Johanni
1989 1167 1991 1171 ·

379 1235 474 1275 Bar
497 1231 670 1277 clerico,
697 1230 894 1285 presenti
916 1233 959 1271 et
980 1229 1228 1285 recipienti,
1254 1229 1557 1284 procuratorio
1591 1227 1772 1270 nomine
1794 1227 1937 1270 domi-

383 1306 425 1347 ni
473 1302 705 1346 Gaucelmi
734 1301 932 1356 episcopi
959 1301 1305 1356 Magalonensis,
1361 1300 1498 1356 quod,
1523 1314 1581 1342 ex
1631 1299 1784 1353 vigore
1820 1297 1936 1360 dicte

381 1373 724 1433 procurationis,
759 1373 904 1414 dietus
930 1373 1158 1414 Johannes
1186 1372 1420 1419 Guiraudi,
1446 1385 1537 1414 una
1562 1383 1667 1413 cum
1688 1369 1806 1412 dicto
1833 1370 1936 1411 Ber·
1989 1414 1991 1418 Α

383 1448 540 1491 trando
567 1445 660 1487 filio
690 1458 806 1492 meo,
832 1444 1036 1486 vendidit
1063 1444 1292 1499 Stephano
1319 1442 1523 1486 Garnerii
1543 1441 1770 1484 ordinario
1790 1440 1936 1495 (zor—
1989 1438 1991 1446 ’

381 1519 552 1570 deario)
604 1515 1016 1570 Montispessulani,
1049 1516 1205 1557 decem
1258 1517 1301 1556 et
1327 1517 1425 1557 octo
1478 1513 1667 1556 sestaria
1717 1512 1842 1555 ordei
1882 1515 1938 1562 et
1988 1543 1991 1549 .

383 1589 544 1644 viginti
584 1590 777 1643 quatuor
816 1587 1000 1635 solidos,
1031 1590 1074 1628 et
1100 1586 1253 1628 omnia
1291 1586 1380 1628 alia
1406 1585 1577 1627 usatica
1620 1583 1850 1626 censualia
1895 1585 1938 1625 et

380 1660 628 1707 censuales,
659 1672 747 1714 que
776 1661 819 1699 et
845 1672 958 1713 qnos
986 1658 1268 1699 habebamus
1290 1657 1336 1698 in
1363 1658 1702 1712 pertenemento
1730 1655 1785 1697 de
1800 1653 1938 1697 Podio

383 1730 713 1787 Argriaguerio,
747 1733 880 1785 prout
906 1730 961 1771 (le
1000 1729 1099 1784 ipsa
1127 1729 1387 1770 venditione
1416 1730 1540 1783 patet
1566 1740 1646 1782 per
1689 1726 1938 1782 quamdam

383 1807 537 1846 notam
567 1816 644 1843 seu
673 1801 1042 1848 instrumentum,
1069 1800 1285 1855 scriptum
1314 1814 1393 1842 seu
1422 1799 1635 1854 scriptam
1663 1811 1801 1840 manu
1823 1797 1940 1839 Mar·
1988 1806 1991 1845 j

382 1876 453 1919 chi
474 1874 675 1934 Nicolay',
707 1872 865 1914 notarii
895 1871 1061 1926 publici
1089 1870 1500 1926 Montispessulani3

443 1947 534 1997 Que
563 1944 787 2000 siquidem
828 1943 1013 1991 usatica,
1057 1943 1240 1985 nomine
1270 1942 1572 1998 procuratorio
1617 1940 1938 1984 dicti-domini
1986 1949 1991 1967 ²

385 2017 600 2074 episcopi,
632 2016 781 2057 eidem
828 2015 1012 2056 domino
1058 2014 1269 2069 episcopo
1315 2014 1553 2062 retinuisti,
1584 2016 1717 2069 prout
1760 2014 1807 2055 in
1851 2012 1938 2056 alio

387 2091 699 2135 instrumento,
720 2087 884 2142 scripio
909 2100 1044 2128 manu
1066 2087 1231 2128 Marcili
1260 2085 1442 2141 Nicolay
1473 2085 1647 2133 notarii,
1667 2084 1934 2127 continetur.

446 2162 493 2203 Et
522 2160 675 2201 (licens
704 2162 748 2201 et
791 2172 999 2200 asserens
1028 2172 1098 2200 ine
1140 2171 1375 2213 nunquam
1416 2157 1776 2212 procurationem
1805 2151 1940 2211 supra

387 2233 553 2274 (lictum
580 2244 816 2273 revocasse
845 2231 934 2272 ullo
958 2230 1107 2278 modo,

448 2304 571 2345 Unde
599 2302 889 2344 certist'icatns
905 2302 960 2344 de
984 2302 1217 2356 premissis
1245 2301 1457 2343 omnibus
1486 2303 1530 2343 et
1556 2300 1760 2356 singulis,
1784 2302 1828 2343 et
1841 2299 1941 2343 aliis

389 2376 428 2415 in
460 2375 588 2415 (lictis
624 2373 935 2415 instrumentis
964 2373 1198 2418 contentis,
1231 2373 1349 2414 (licta
1377 2372 1545 2414 usatica
1590 2372 1684 2414 sive
1712 2385 1872 2414 census
1899 2375 1943 2414 et

388 2446 695 2487 venditimieiu
723 2445 778 2485 de
830 2444 1000 2486 eisdem
1043 2444 1159 2487 dicto
1206 2444 1435 2499 Stephano
1488 2444 1665 2490 laetam,
1710 2446 1754 2485 et
1805 2442 1942 2485 etiam

391 2517 687 2559 retentionem
719 2530 796 2571 per
841 2518 882 2556 10
911 2516 1078 2557 (lictum
1108 2518 1443 2570 procuratorem
1472 2515 1589 2557 dieto
1617 2514 1799 2557 domino
1827 2514 1942 2570 epis-

388 2603 497 2643 copo
526 2588 704 2635 factam,
738 2587 816 2628 tibi
855 2587 971 2628 {licto
997 2587 1190 2628 ,Iohanni
1211 2586 1320 2633 Bar,
1353 2586 1535 2628 nomine
1557 2599 1645 2641 quo
1673 2599 1808 2641 supra
1835 2585 1942 2628 reci·
1976 2607 1977 2610 ¹

392 2660 546 2713 pienti,
578 2659 726 2706 laudo,
754 2661 792 2699 el
818 2659 1056 2700 crn‘roboro
1084 2661 1127 2699 ct
1153 2658 1386 2699 confirmo.

1984 2653 1991 2715 ‚³

449 2732 500 2771 1⁴11,
550 2730 760 2785 quicquid
791 2729 901 2784 juris
942 2733 985 2771 ct
1038 2729 1221 2771 rationis
1255 2729 1296 2769 in
1350 2729 1521 2771 eisdem
1550 2729 1732 2770 usaticis
1778 2729 1935 2776 habeo,
1989 2775 1991 2779 ,

392 2802 559 2842 ratione
589 2800 831 2855 emptionis
853 2803 888 2840 e!
924 2800 1211 2847 vcmlitionis,
1247 2800 1530 2855 proprietatis
1552 2803 1596 2841 ct
1623 2800 1938 2855 possessionis,
1987 2811 1991 2860 j

388 2875 458 2914 aul
509 2885 794 2927 qu‹ss›(·llnlque
839 2872 926 2913 alio
978 2872 1125 2918 modo,
1183 2871 1350 2913 ratione
1379 2871 1473 2913 sive
1526 2884 1659 2913 eausa
1689 2871 1820 2914 tacita
1863 2875 1940 2914 seu

390 2956 619 2998 expressa,
655 2943 731 2983 tibi
755 2942 870 2984 dicto
909 2943 1117 2990 Johanni,
1150 2942 1380 2998 stipulanti
1410 2945 1453 2984 et
1490 2941 1722 2997 recipienti
1761 2943 1940 2985 nomine
1988 2929 1991 2939 Ι

388 3028 476 3070 quo
504 3028 650 3069 supra,
685 3014 806 3063 cedo,
836 3014 960 3056 solvo
988 3018 1030 3056 et
1050 3014 1227 3056 remitto
1256 3028 1335 3068 per
1355 3014 1704 3068 imperpetuum.
