2164 3575
1154 265 1373 320 -.ω’-

484 394 598 437 quas
625 381 746 424 idem
793 383 1007 426 dominus
1035 383 1275 440 episcopus
1304 389 1349 427 et
1373 385 1617 437 vestiarius
1642 385 1873 441 predictus
1911 386 2055 430 habe-

481 452 604 494 bant.
636 453 709 495 vel
755 453 923 496 habere
952 457 1160 510 poterant
1186 455 1280 497 ullo
1308 456 1444 498 modo
1489 457 1563 499 vel
1589 470 1739 503 causa,
1771 457 1945 500 ratione
1971 458 2046 500 vel

478 523 712 566 occasione
732 523 1015 579 justiciarum
1044 526 1273 568 minorum
1301 526 1373 569 vel
1401 526 1644 582 majorum,
1669 528 1743 569 vel
1764 527 2046 570 executionis

477 606 649 640 earum,
675 595 782 637 ville
804 596 859 637 de
875 596 1113 643 Grabellis,
1139 596 1331 639 aliorum
1348 597 1564 645 locorum,
1584 598 1797 640 villarum
1816 611 1895 640 seu
1920 611 2047 641 man-

475 678 628 707 sorum
660 680 788 720 quos,
826 680 940 723 quas
975 669 1019 709 et
1045 681 1133 722 que
1170 667 1316 709 dictus
1339 667 1553 710 dominus
1580 668 1821 711 vestiarius
1842 669 2046 711 habetet

484 739 605 778 tenet
633 736 749 778 infra
771 739 813 778 et
842 740 970 779 extra
991 737 1275 792 parrochiam
1303 737 1359 779 de
1381 738 1618 786 Grabellis,
1644 738 1733 780 illis
1761 738 1963 794 exceptis
1989 739 2046 782 de

480 806 646 861 quibus
668 807 791 849 nulla
819 808 996 862 questio
1017 813 1127 857 erat;
1153 821 1326 850 necnon
1353 808 1496 851 eciam
1519 812 1561 850 et
1577 823 1715 865 super
1734 808 2044 864 recoguicione

477 877 594 919 dicto
616 878 801 920 domino
829 879 1040 934 episcopo
1067 878 1290 923 facienda:

531 949 592 990 De
616 949 828 1003 predictis
856 950 1265 1005 compromiserunt
1314 950 1358 990 in
1386 950 1606 992 Poncium
1633 950 1799 993 Haboti
1840 949 2041 1005 priorem

475 1020 661 1062 ecclesie
683 1020 737 1061 de
783 1020 996 1067 Fabricis,
1028 1024 1072 1062 et
1116 1020 1161 1061 in
1214 1021 1485 1074 magistrum
1530 1021 1784 1063 Johannem
1830 1021 2043 1063 Bru-nem·

474 1091 673 1145 priorem
726 1091 912 1133 ecclesie
940 1091 995 1133 de
1041 1091 1308 1133 Tribusviis.
1341 1094 1381 1132 et
1435 1092 1744 1134 Raimundum
1795 1092 1850 1134 de
1876 1092 2041 1135 Sancto

472 1161 672 1203 Firmino
700 1162 895 1217 priorem
925 1162 1111 1204 ecclesie
1139 1162 1195 1203 de
1230 1162 1427 1203 Veruna.
1460 1165 1679 1217 tanquam
1707 1163 1754 1204 in
1785 1162 1967 1226 tertium
1996 1166 2041 1206 et

471 1247 554 1287 pro
575 1233 726 1276 tercio:
758 1235 801 1274 et
846 1233 970 1287 ipsos
997 1232 1203 1279 arbitros,
1235 1235 1280 1274 et
1306 1223 1614 1279 arbitralem—es,
1647 1247 1727 1274 scu
1772 1233 2038 1276 amicabiles

467 1304 792 1359 compositores
827 1304 1074 1358 elegerunt,

524 1373 844 1418 Promittentes'
890 1374 975 1416 snb
1002 1387 1120 1429 pena
1145 1377 1328 1416 centnm
1369 1374 1590 1417 librarum
1638 1374 2031 1430 melgoriensium.

471 1446 685 1502 stipulato
731 1446 789 1488 ad
815 1445 1013 1487 invicem
1059 1448 1103 1487 et
1130 1445 1354 1500 promisso
1382 1446 1696 1500 sollempniter
1721 1445 1840 1488 inter
1866 1449 2031 1501 partes,

466 1518 587 1573 quod
613 1517 828 1574 quie-quid
850 1516 957 1558 dicti
984 1516 1194 1558 arbitri...
1227 1531 1362 1572 snper
1389 1517 1601 1571 predictis
1628 1516 1702 1558 vel
1723 1529 1861 1572 super
1880 1516 2035 1572 aliquo

465 1589 772 1645 predictorum
801 1587 1015 1635 dixerint,
1048 1588 1470 1643 pronunciaverint,
1502 1587 1743 1630 statuerint
1769 1600 1850 1630 seu
1877 1587 2037 1630 recita-

463 1660 626 1709 verint,
658 1663 701 1702 et
722 1658 1023 1715 pronunciari,
1049 1658 1183 1701 statui
1213 1672 1294 1700 sen
1319 1658 1498 1701 recitari
1526 1658 1713 1701 fecerint
1738 1658 1857 1700 inter
1882 1671 2034 1714 panes

464 1732 703 1787 predictas,
728 1730 824 1786 jure
856 1730 926 1772 vel
948 1730 1124 1773 timore,
1175 1743 1255 1771 seu
1281 1729 1510 1772 amicabili
1559 1729 1900 1785 compositione,
1943 1743 2035 1772 scr-

465 1805 571 1845 vato
597 1801 709 1857 juris
736 1801 893 1843 ordine
920 1801 995 1843 vel
1027 1800 1211 1849 omisso,
1243 1801 1404 1842 diebus
1426 1800 1597 1843 feriatis
1625 1801 1819 1844 servatis
1846 1801 1920 1843 vel
1940 1814 2032 1844 non

465 1873 670 1926 servatis.
702 1873 776 1915 vel
803 1872 919 1920 aliis,
951 1871 1090 1914 semel
1133 1872 1207 1913 vel
1236 1872 1425 1926 pluries,
1457 1871 1643 1914 insimul
1665 1872 1740 1914 vel
1768 1871 2029 1927 separatim,

463 1945 711 1987 servabunt
737 1944 1076 1999 imperpetuum
1103 1946 1147 1985 et
1173 1943 1308 1985 teneb
1321 1945 1416 1991 nnt;

520 2016 734 2058 Volentes
756 2015 813 2057 ad
859 2014 1056 2056 invicem
1084 2017 1127 2056 et
1172 2013 1484 2056 concedentes.
1516 2014 1637 2069 quod
1684 2014 1885 2069 predicta
1909 2028 2029 2070 pena

459 2087 631 2129 tociens
658 2086 981 2134 committatur,
1030 2085 1244 2140 quociens
1282 2083 1414 2126 luerit
1459 2086 1822 2133 contraventum,
1854 2089 1899 2127 et
1943 2099 2022 2140 pre

459 2157 649 2212 singulis
677 2157 884 2212 capitulis
906 2170 993 2198 non
1017 2156 1223 2203 servatis,

518 2230 569 2271 Et
596 2243 675 2284 pro
703 2228 915 2284 predictis
942 2227 1156 2270 omnibus
1185 2229 1227 2268 et
1267 2226 1460 2281 singulis
1487 2226 1770 2280 complendis
1797 2230 1840 2269 et
1883 2230 2029 2270 atten-

455 2301 632 2343 dendis.
665 2300 893 2356 predictus
939 2299 1153 2341 dominus
1181 2298 1231 2340 G.
1282 2297 1467 2339 Frcdoli
1497 2297 1653 2339 omnia
1695 2298 1816 2340 bona
1842 2301 1885 2340 el.
1927 2298 2029 2354 jura

453 2372 643 2427 predicti
689 2371 944 2418 comitatus,
977 2372 1019 2411 ct
1059 2369 1206 2411 dictus
1236 2368 1477 2410 vestiarius
1522 2368 1677 2410 omnEa
1703 2369 1822 2411 bona
1848 2372 1891 2411 et
1916 2370 2020 2424 jura

455 2443 598 2498 ipsius
644 2442 856 2484 vestiarie
884 2441 1215 2498 obligaveru11t2
1251 2439 1569 2481 renuncssantos
1597 2439 1820 2482 beneficio
1847 2441 2026 2482 restitu-

450 2515 590 2557 cionis
642 2514 687 2554 in
722 2513 964 2567 integrum,
997 2514 1041 2553 et
1091 2509 1452 2553 contradiecioni.
1503 2512 1545 2550 et
1595 2511 1931 2565 conquestioni,
1979 2515 2025 2554 et

452 2584 721 2631 cohercioni,
753 2587 797 2625 et
822 2581 1138 2638 appellacioni,
1169 2584 1213 2622 et
1239 2580 1424 2623 arbitrio
1452 2579 1558 2621 boni
1585 2580 1686 2627 viri,
1717 2582 1761 2622 et
1804 2582 2021 2624 omnibus

450 2654 788 2710 aliisyjuribus,
822 2657 865 2695 et
916 2652 1033 2695 facti·
1074 2651 1274 2698 auxiliis,
1305 2654 1350 2692 et
1399 2650 1652 2704 privilegiis
1696 2650 1951 2706 impetratis
1978 2655 2023 2695 et

449 2725 765 2781 impetrandis,
797 2724 964 2779 quibus
997 2721 1312 2764 contravenire
1341 2723 1528 2775 possent
1555 2720 1601 2761 in
1646 2720 1844 2763 solidum
1871 2723 1944 2764 vcl
1973 2724 2050 2765 in‘l·

451 2801 592 2854 parte.

496 2860 638 2920 'Quod
666 2867 851 2924 quidem
881 2864 1263 2920 compromissum
1292 2862 1579 2917 supradictus
1605 2862 1818 2905 domiuus
1845 2865 2016 2920 cpisco-

450 2958 550 3000 pns.
582 2955 662 2998 per
699 2953 744 2981 se
768 2942 812 2980 et
838 2950 995 2980 omnes
1042 2947 1321 2977 successores
1349 2946 1468 2977 suos,
1501 2934 1688 2975 Comites
1716 2936 1757 2976 et
1804 2935 2012 2978 dominos
