2040 3404
769 111 1016 154 -675-

176 213 427 271 Philippus,
456 217 537 259 Dei
563 219 707 272 gratia
727 226 828 267 elc.‚·
852 218 949 260 voir
969 225 1015 260 η’)
1041 217 1134 261 973
1159 231 1213 260 en
1239 217 1393 260 entier.

176 354 287 398 Item
313 359 692 413 presentaverunt
724 360 872 403 eidem
899 360 1036 403 aliam
1064 359 1261 402 litteram
1287 358 1462 402 domini
1487 358 1667 404 Carcas-

117 426 322 470 sonensis
373 428 586 485 episcopi,
631 429 727 485 ejus
779 430 926 486 sigillo
952 430 1169 486 pendenti
1220 429 1481 486 sigillatam;
1540 429 1668 486 cujus

115 498 244 539 tenor
268 498 370 540 talis
391 503 471 542 est:

179 637 356 688 Petrus,
386 642 685 695 permissione
714 643 871 686 divina
896 650 999 691 ete.,·
1026 643 1125 685 voir
1149 651 1197 685 πθ
1223 642 1318 686 997
1345 657 1399 686 en
1419 642 1575 686 entier.

146 832 147 836 ,
174 794 285 836 Item
313 799 688 851 presentaverunt
709 797 856 839 eidem
883 798 1129 853 quamdam
1158 797 1293 841 aliam
1337 799 1566 854 patentem
1595 798 1669 844 lit-

114 867 257 908 teram
285 866 449 909 nobilis
477 867 561 909 viri
590 868 761 909 domini
787 868 1006 910 Johannis
1032 869 1088 911 de
1133 869 1381 925 Arreblayo
1407 868 1564 912 militis
1588 869 1668 912 do·

115 936 229 979 mini
253 938 383 992 regis,
413 938 649 981 senescalli
675 938 1058 983 Carcassonensis:

172 1091 262 1134 Nos
288 1092 486 1147 recepice
510 1092 726 1135 noveritis
760 1091 963 1151 [litteras]
992 1093 1078 1136 sub
1104 1093 1186 1136 hac
1206 1093 1365 1138 forma:

173 1161 349 1209 Petrus,
379 1162 680 1217 permissione
707 1163 865 1206 divina
883 1165 966 1206 etc.

174 1232 293 1282 Quas
317 1234 446 1275 vohis
474 1234 748 1289 precipimus
776 1234 994 1277 exhiberi.

174 1304 228 1347 Et
252 1304 361 1360 quia
385 1317 466 1346 nos
493 1304 608 1347 circa
634 1305 855 1359 premissa
882 1306 1150 1361 exequenda
1183 1319 1271 1348 non
1300 1319 1541 1362 possumus
1568 1319 1668 1363 per-

116 1375 332 1418 sonaliter
356 1375 589 1417 interesse.
610 1375 741 1417 vobis
762 1376 1034 1417 mandamus
1060 1376 1291 1431 quatinus,
1315 1377 1372 1419 ad
1399 1380 1596 1420 castrum
1609 1377 1666 1420 de

115 1446 332 1488 Porciano
362 1460 440 1501 per
466 1459 546 1488 vos
574 1446 646 1488 vel
674 1459 754 1501 per
773 1446 912 1488 alium
939 1447 997 1489 ad
1018 1447 1102 1488 hoe
1127 1447 1341 1489 idoneum
1371 1447 1670 1503 personaliter

113 1516 390 1564 accedentes,
424 1516 470 1558 in
498 1517 829 1572 possess10nem
857 1517 1149 1571 corporalem,
1179 1518 1253 1559 vel
1279 1518 1425 1574 quasi,
1451 1519 1562 1562 meri
1583 1518 1665 1562 im-

116 1587 231 1642 perii
256 1587 362 1629 ville
384 1600 464 1629 seu
504 1588 638 1630 castri
689 1587 907 1629 Porciani.
939 1592 983 1630 et
1009 1587 1105 1641 ejus
1132 1588 1362 1631 districtus
1388 1592 1431 1631 et
1475 1589 1665 1632 aliorum

114 1656 284 1712 jurium
307 1671 395 1713 que
441 1658 503 1700 ibi
524 1658 736 1700 dominus
773 1672 855 1700 rex
881 1658 1017 1700 habet
1043 1662 1087 1699 et
1115 1662 1233 1701 tenet
1259 1660 1315 1701 ad
1362 1659 1562 1707 feudum,
1587 1673 1668 1704 seu

114 1729 226 1785 juris
247 1729 386 1775 feudi,
417 1732 460 1772 et
477 1729 806 1783 superioritatis
833 1729 937 1771 dicti
961 1729 1059 1777 loci,
1090 1733 1133 1770 ct
1159 1730 1349 1772 aliorum
1368 1730 1605 1775 feudorum
1625 1735 1670 1776 et

114 1801 478 1844 retrofeutlorum
500 1801 607 1842 dicti
629 1801 712 1841 loci
739 1803 784 1842 et.
809 1800 1038 1842 districtus
1062 1801 1282 1855 ejusdem,
1313 1814 1486 1844 necnon
1513 1806 1558 1846 et
1575 1816 1669 1846 res⁴

115 1874 240 1917 sorti.
262 1876 305 1914 et
320 1871 574 1926 specialiter
602 1870 724 1913 feudi
745 1871 866 1925 quod
889 1871 1053 1913 nobilis
1080 1871 1151 1912 x-ir
1174 1871 1428 1914 Gaut'redus
1455 1872 1511 1915 de
1531 1872 1668 1917 Vare-

118 1945 204 1991 nis‚
229 1942 588 1986 constabularius
615 1942 998 1989 Cmcassonensis,
1022 1942 1068 1983 in
1090 1942 1207 1984 dicto
1219 1945 1363 1984 castro
1383 1943 1437 1985 de
1452 1943 1667 1987 Porciano

119 2014 256 2058 habet
281 2015 329 2056 in
372 2013 497 2056 tallia
520 2013 625 2054 XX*
671 2012 890 2054 librarum
929 2012 1244 2054 turonensium
1272 2026 1423 2056 annuo
1468 2014 1663 2062 redditu,

119 2085 356 2128 dominum
374 2084 634 2139 episcopum
651 2083 1034 2137 Magalonensem‚
1061 2096 1141 2124 seu
1157 2083 1296 2125 alium
1321 2085 1391 2126 vel
1418 2085 1544 2133 alios,
1569 2085 1667 2142 ejus

116 2156 300 2200 nomine
327 2159 372 2198 et
398 2155 625 2201 mandato,
655 2153 945 2209 corporaliter
970 2153 1206 2203 inducatis,
1240 2158 1283 2196 et
1310 2155 1574 2199 auctoritate
1600 2169 1669 2200 re-

118 2228 193 2284 gia
219 2226 492 2269 deflendatis
519 2225 769 2267 inductum:

175 2297 465 2353 lnjungentes
492 2296 704 2337 omnibus
749 2295 945 2337 dominis
972 2299 1015 2336 et
1042 2297 1250 2339 vassallis
1278 2298 1384 2340 dicti
1427 2298 1576 2349 castri,
1623 2306 1670 2344 et

122 2369 224 2412 aliis
244 2368 507 2411 hominibus
535 2367 640 2408 dieti
668 2367 768 2413 loci,
799 2368 848 2407 ut
875 2366 921 2407 in
947 2367 1159 2409 omnibus
1187 2369 1458 2424 supradictis
1475 2370 1667 2426 juribus.

116 2452 205 2495 que
226 2439 437 2482 dontinus
464 2452 544 2479 rex
572 2437 824 2479 liabebatin
854 2438 1057 2492 personis
1083 2440 1127 2480 et
1153 2438 1281 2481 bonis
1303 2439 1521 2495 ipsorum,
1545 2441 1670 2485 feudi

118 2514 162 2554 et
193 2509 451 2555 retrot'eudi.v
483 2508 600 2550 (licto
627 2507 811 2550 domino
838 2508 1050 2562 episcopo
1075 2511 1119 2549 et
1145 2522 1225 2551 sue
1251 2510 1373 2553 curie
1398 2512 1564 2556 amodo
1591 2527 1671 2570 pa-

117 2585 245 2624 reant
271 2584 316 2623 et
342 2579 593 2622 intendant.
624 2578 738 2620 sieut
764 2578 948 2620 ‹lomino
977 2579 1069 2634 regi
1091 2583 1136 2622 et
1159 2581 1258 2623 suis
1287 2581 1434 2636 faeere
1454 2585 1670 2627 teneban-

117 2656 204 2701 tur;
226 2652 364 2694 salvis
381 2654 424 2692 et
450 2649 634 2692 retentis
661 2649 778 2691 (licto
805 2649 989 2691 (lexuino
1012 2650 1104 2705 regi
1127 2654 1281 2693 nostro
1307 2653 1484 2696 salvata
1498 2654 1600 2710 (sie)
1627 2657 1672 2696 et

115 2726 289 2765 retenta
317 2736 394 2777 per
420 2722 589 2763 litteras
609 2723 859 2762 contractus
881 2720 1081 2775 predicti.

175 2793 265 2836 Nos
291 2794 413 2835 enini
441 2805 578 2847 super
604 2791 690 2833 hiis
717 2791 929 2832 omnibus
950 2794 995 2832 et
1019 2791 1222 2845 singulis,
1256 2796 1300 2834 et
1327 2796 1546 2847 premissa
1574 2799 1667 2837 tan-
