1991 3279
1024 327 1272 371 -880—

431 435 721 479 Satisfecistis
750 434 1083 482 nichilominus,
1102 434 1283 476 nomine
1299 430 1603 488 procuratorio
1621 430 1726 473 dicti
1752 429 1923 472 domini

370 507 570 563 episcopi
598 510 642 549 et
668 521 747 562 pro
770 520 835 554 eo,
865 505 1065 561 plenarie
1094 505 1246 551 michi,
1283 503 1544 545 nominibus
1595 501 1762 558 quibus
1789 514 1926 556 supra

370 578 616 633 recipienti,
666 578 713 619 in
740 577 954 619 omnibus
982 579 1026 618 et
1062 575 1251 630 singulis
1273 574 1438 616 debitis
1483 576 1527 616 et
1553 571 1920 628 obligationibus,

372 650 415 691 in
442 649 608 704 quibus
641 649 787 690 dictus
815 647 1026 690 dominus
1055 647 1294 702 episcopus
1322 646 1394 687 vel
1420 644 1585 701 aliquis
1611 644 1728 686 alius
1757 657 1835 698 pro
1874 656 1926 685 eo

371 724 492 763 esset
540 720 612 761 vel
640 733 738 762 esse
767 722 936 774 posset,
983 732 1086 760 cum
1113 718 1247 760 cartis
1275 717 1347 759 vel
1375 716 1470 759 sine
1520 715 1671 762 cartis,
1702 714 1772 756 vel
1823 726 1926 756 curn

370 791 529 833 litteris
559 805 639 833 suo
684 789 862 847 [sigillo]
893 790 1114 843 sigillatis.
1171 788 1304 830 michi
1335 791 1379 829 et
1405 787 1522 829 dicto
1550 785 1676 828 fratri
1705 797 1804 827 meo
1854 784 1928 826 vel

369 863 499 905 alteri
527 866 749 910 nostrum,
774 861 1126 915 modoquolibet
1153 864 1196 902 et
1224 873 1280 901 ex
1296 871 1584 915 quacumque
1611 869 1761 904 causa,
1784 868 1927 912 usque

371 934 427 976 ad
456 934 574 975 hunc
602 935 859 988 presentem
888 932 1009 973 ‹liein
1031 931 1271 985 obligatus.

429 1006 491 1046 De
512 1004 680 1060 quibus
696 1003 923 1045 universis
940 1006 984 1045 et
1004 1003 1192 1057 singulis
1210 1005 1339 1044 teneo
1369 1014 1454 1048 me,
1480 999 1742 1042 nominibus
1763 998 1928 1054 quibus

372 1089 508 1130 supra
535 1089 614 1130 pro
642 1076 757 1116 bene
803 1078 985 1129 paccato
1013 1073 1405 1129 quamplurimum
1433 1075 1475 1113 et
1502 1073 1710 1114 contento
1759 1083 1787 1112 a
1812 1069 1929 1112 dicto

372 1147 557 1189 domino
579 1146 791 1202 episcopo
819 1149 860 1187 et
888 1160 915 1188 a
942 1146 1087 1192 vobis,
1120 1158 1199 1199 pro
1227 1158 1279 1186 eo
1307 1147 1351 1186 et
1377 1142 1475 1198 ejus
1505 1142 1684 1185 nomine
1724 1142 1929 1184 solvente

371 1222 415 1260 ct
441 1217 760 1265 satisfacientffl
793 1221 837 1259 et
862 1217 908 1258 in
935 1217 1024 1259 illis
1070 1215 1282 1258 renuncio
1313 1215 1506 1257 scienter
1557 1213 1814 1269 exceptioni
1841 1226 1931 1255 non

374 1292 611 1331 numerate
656 1288 883 1344 peccunie,
908 1288 1062 1331 habite
1090 1301 1168 1330 seu
1196 1291 1389 1342 recepte,
1421 1289 1466 1328 et
1492 1284 1790 1328 satisfactioni
1841 1297 1932 1326 non

374 1361 505 1403 facte.

431 1432 493 1473 De
521 1431 688 1487 quibus
741 1432 879 1474 etiam
907 1431 1134 1473 universis
1186 1433 1230 1471 et
1257 1429 1447 1484 singulis
1486 1428 1615 1475 facio,
1671 1427 1932 1470 nominibus

374 1503 540 1558 quibus
568 1516 721 1558 supra,
754 1502 883 1544 vobis
899 1502 1017 1544 dicto
1044 1502 1229 1543 domino
1251 1500 1506 1544 Raimundo
1534 1498 1692 1554 Pojeti‚
1724 1511 1934 1554 procura-

377 1575 487 1616 torio
515 1574 802 1629 nomineque
825 1587 963 1628 supra
979 1573 1227 1628 recipienti,
1253 1575 1297 1614 et
1313 1585 1391 1627 per
1412 1586 1493 1613 vos
1514 1570 1700 1613 domino
1719 1569 1931 1625 episcopo

375 1645 618 1700 sepedicto,
674 1646 856 1700 plenam
908 1644 1151 1699 specialem
1186 1648 1226 1685 et
1272 1643 1531 1698 generalem
1582 1641 1928 1690 absolutionem,

376 1717 706 1762 liberationem,
762 1716 1091 1763 remissionem,
1146 1715 1464 1771 quittationcni
1501 1716 1543 1755 ct
1573 1714 1741 1755 bonum
1792 1712 1933 1755 finem

378 1801 495 1828 nunc
523 1790 566 1829 et
617 1787 971 1842 imperpetuum3
1011 1789 1054 1828 et
1104 1800 1130 1828 a
1156 1785 1370 1841 predictis
1398 1784 1623 1827 universis
1651 1786 1695 1827 et
1745 1783 1934 1838 singulis

378 1858 630 1913 predictum
652 1859 891 1900 (lominum
919 1857 1198 1913 episcopum,
1224 1857 1327 1899 licet
1371 1857 1624 1904 absentem,
1656 1857 1863 1912 bonaque
1892 1857 1936 1897 et

376 1930 476 1985 jura
504 1930 792 1985 episcopalia,
825 1932 869 1971 et
897 1944 977 1971 vos
1005 1929 1175 1971 dictum
1205 1929 1440 1970 dominum
1483 1927 1804 1974 Raimundum,
1836 1925 1934 1981 ejus

380 2002 560 2044 nomine
607 2001 911 2057 procuratorio
959 2001 1140 2042 nomine
1186 2000 1497 2055 recipientem,
1540 1999 1744 2047 absolvo,
1793 1998 1935 2041 libero

381 2073 559 2129 penitus
582 2076 625 2115 et
645 2073 833 2129 aquitto.

438 2145 623 2187 Faciens
662 2145 784 2193 inde,
817 2145 1078 2187 nominibus
1123 2145 1288 2200 quibus
1335 2156 1485 2198 supra,
1518 2142 1646 2184 vobis
1673 2142 1790 2184 dicto
1837 2140 1937 2184 Rai-

381 2217 550 2258 mundo
569 2216 750 2258 nomine
778 2231 867 2271 quo
896 2230 1033 2271 supra
1054 2216 1301 2271 recipienti,
1333 2222 1378 2257 ct
1403 2228 1483 2270 per
1509 2227 1590 2256 vos
1617 2213 1734 2256 dicto
1751 2212 1936 2255 domiuo

381 2287 608 2343 episcope,
641 2290 819 2343 pactum
865 2288 1074 2342 generale
1102 2291 1145 2330 et
1184 2287 1391 2342 speciale,
1436 2286 1554 2328 reale
1594 2288 1638 2327 et
1682 2284 1931 2340 personale,

383 2359 582 2401 validum
611 2362 654 2401 et
682 2360 933 2414 sollempne
961 2360 1016 2401 (le
1040 2372 1129 2401 non
1159 2359 1353 2414 petendo
1380 2357 1544 2400 amodo
1588 2355 1760 2412 aliquid
1786 2369 1813 2398 a
1838 2369 1937 2411 pre-

384 2430 473 2471 l'alo
495 2430 678 2472 ‹lomino
705 2430 928 2485 episcopo,
953 2434 995 2471 et
1021 2432 1075 2472 (lc
1099 2444 1185 2472 non
1213 2430 1388 2485 agendo
1415 2431 1566 2471 contra
1593 2441 1696 2470 cum
1725 2427 1938 2470 seuhona

383 2504 425 2542 ct
469 2500 567 2555 jura
613 2502 901 2557 episcopalia.
951 2502 1181 2544 occasione
1226 2501 1379 2557 aliqua
1415 2499 1757 2556 premissorum,
1806 2500 1939 2554 prout

384 2572 544 2614 melius
573 2576 616 2615 et
644 2573 798 2615 utilius
826 2573 928 2621 dici,
960 2573 1093 2615 scribi
1116 2587 1194 2615 seu
1233 2572 1477 2627 excogitari
1500 2573 1646 2627 potest
1673 2584 1752 2612 seu
1776 2569 1939 2626 poterit

382 2644 435 2684 ail
459 2644 747 2686 commodum
771 2645 875 2686 dicti
903 2644 1074 2686 domini
1102 2643 1301 2699 episcopi
1328 2646 1372 2686 et
1398 2643 1654 2685 utilitatem.

442 2714 493 2756 Et
523 2714 655 2756 nichil
683 2716 831 2757 dixi...
864 2716 1107 2771 quominus
1135 2715 1382 2770 prescripta
1408 2714 1563 2756 omnia
1589 2716 1633 2756 et
1660 2712 1836 2768 singula
1857 2725 1940 2754 sua

382 2790 563 2828 careant
584 2786 813 2829 firmitate:
847 2801 952 2842 ymo
981 2787 1084 2829 volo
1113 2800 1166 2830 ea
1194 2787 1351 2829 robore
1373 2788 1592 2841 perpetuo
1619 2787 1663 2827 et
1683 2782 1938 2826 inviolabili

382 2857 521 2912 pcrdu
531 2870 640 2899 rare.

443 2927 489 2969 Si
534 2941 655 2978 vero,
690 2930 807 2983 quod
854 2930 997 2978 abest,
1042 2944 1123 2985 ego
1153 2930 1222 2972 vel
1257 2928 1402 2970 dictus
1448 2927 1584 2970 frater
1610 2939 1739 2969 meus
1783 2928 1938 2968 contra

384 2998 582 3053 predicta
608 3012 687 3042 seu
732 3000 903 3055 aliquid
925 3001 1189 3043 eorumdem
1235 2999 1496 3042 veniremus
1541 3010 1622 3040 seu
1666 2997 1931 3044 faceremus,
