2107 3404
729 246 783 252 ——
812 221 895 266 351
925 248 979 274 ÷

71 315 241 359 cumbo
265 315 531 372 (=cumba)
561 315 616 358 de
645 315 825 373 Nefieq.

122 385 220 428 <Pro
246 399 338 444 qua
375 386 562 443 quidem
591 386 832 429 donatione
884 390 927 429 et
953 386 1243 430 concessione
1272 386 1493 430 dictorum
1522 400 1632 430 usus

75 457 121 498 et
146 456 378 512 expleche,
409 456 576 499 dabitis
626 470 709 499 vos
736 457 922 512 predicti
965 457 1142 506 sindici,
1174 457 1356 500 nomine
1410 458 1631 502 universi-

76 526 181 568 tatis
208 526 513 582 predictorum
535 527 773 569 hominum
803 528 908 570 dicti
959 527 1110 575 castri,
1141 530 1186 570 et
1206 528 1314 570 dare
1366 530 1629 572 tenebimini

76 597 311 639 annuatim
348 597 395 638 in
422 597 536 640 festo
564 597 704 640 sancti
726 598 843 640 Petri
873 599 927 641 de
973 584 1164 652 augusto
1186 598 1314 641 nobis
1342 602 1385 641 et
1407 612 1634 643 suceesso-

77 666 205 710 ribus
233 667 412 715 nostris,
444 681 495 711 ac
523 668 796 713 universitas
819 669 1021 724 predicta
1047 669 1274 711 tenebitur
1300 670 1406 713 dare
1433 671 1635 727 quolibet

11 748 19 754 “
77 749 212 786 aino,
243 741 291 780 ut
312 738 585 793 premissum
613 742 695 786 est,
722 739 811 781 duo
834 739 1023 782 sestaria
1048 739 1173 782 ordei
1199 743 1391 783 tantum.

138 795 457 851 ltom‘iiomiue
480 822 570 864 quo
610 822 761 864 supra,
787 810 949 852 damus
976 814 1020 852 et
1045 811 1334 853 concedimus
1363 812 1505 859 vobis,
1538 827 1636 869 pre-

78 877 209 920 dictis
229 878 428 926 sindicis‚
454 879 687 935 yconomis
709 893 787 922 seu
809 880 1128 927 cominaleriis·,
1155 881 1474 936 recipientibus
1503 882 1631 941 [tami

82 961 161 1004 pro
206 949 337 992 vobis
364 962 501 1006 quam
533 963 611 1005 pro
639 950 934 992 universitate
981 951 1196 1006 predicta,
1229 965 1308 1006 pro
1360 952 1565 997 libertate
1593 961 1637 998 et

116 1019 322 1075 rivilrgio
373 1020 573 1075 speciali,
605 1023 649 1062 et
699 1021 768 1074 (ut
794 1021 850 1076 si)
877 1021 934 1064 ab
962 1021 1045 1064 hac
1095 1021 1205 1064 hora
1231 1022 1276 1063 in
1305 1026 1439 1066 antea
1479 1037 1637 1079 grossa

79 1090 310 1134 annuale.
342 1091 456 1133 sicut
507 1084 716 1147 superius
762 1095 868 1134 sunt
894 1095 1172 1147 expressam,
1229 1093 1538 1138 invenirentur
1564 1098 1634 1139 vel

80 1161 385 1217 reperirentur
410 1162 466 1204 de
519 1165 646 1204 nocte
674 1162 719 1203 in
765 1176 947 1205 nemore
993 1166 1144 1205 nostro
1173 1167 1329 1207 vocato
1380 1166 1633 1221 Blaqueria‚

82 1245 159 1274 seu
191 1233 379 1275 Devrsa.
410 1233 531 1288 quod
580 1246 658 1288 pro
688 1233 835 1275 banno
862 1247 1003 1275 unum
1031 1247 1112 1289 par
1162 1235 1297 1277 boum
1326 1248 1405 1277 seu
1444 1237 1637 1280 aliorum

80 1303 347 1346 animalium
373 1316 634 1369 grossorum
665 1317 750 1346 non
780 1307 1015 1346 teneantur
1035 1305 1141 1347 dare
1171 1304 1257 1347 nisi
1284 1306 1484 1363 quinque
1536 1309 1654 1351 soli-'

81 1374 164 1416 dos
187 1377 377 1417 tantuin:
405 1377 441 1415 cl
467 1375 523 1416 ab
553 1374 638 1415 illis
661 1374 937 1420 hominibus,
975 1389 1166 1430 qnorum
1196 1376 1398 1431 predicta
1423 1379 1636 1421 animalia

83 1445 265 1501 tuerint,
297 1458 324 1487 a
352 1444 501 1500 bajulo
528 1448 573 1486 et
621 1458 646 1487 a
676 1445 903 1487 banneriis
931 1446 1052 1487 curie
1089 1445 1192 1487 dicti
1244 1449 1376 1488 castri
1403 1448 1504 1502 plus
1551 1464 1637 1492 non

83 1516 292 1570 exigatur
317 1528 396 1558 seu
424 1517 617 1570 petatur.
1664 1562 1676 1565 -

145 1585 190 1628 Si
216 1599 323 1628 vero
344 1585 399 1627 de
421 1585 492 1627 die
522 1585 723 1640 predicta
749 1585 965 1629 animalia
986 1587 1154 1629 ibidem
1185 1587 1508 1637 invenirentur,
1538 1594 1641 1632 tum·

86 1653 282 1713 quilibet
306 1659 346 1699 et
371 1656 536 1711 singuli
565 1655 786 1704 homines.r
817 1671 1011 1713 quorum
1027 1658 1228 1712 predicta
1248 1659 1463 1703 animalia
1487 1674 1643 1716 grossa

84 1728 265 1775 fuerint,
299 1740 386 1769 non
427 1729 665 1770 teneantur
708 1727 815 1770 dare
862 1742 941 1783 pro
994 1729 1143 1771 banno
1189 1729 1274 1772 nisi
1302 1744 1384 1772 sex
1435 1732 1643 1775 denarios·¹

87 1814 168 1857 pro
188 1812 280 1841 uno
299 1811 455 1853 grosso
477 1797 678 1846 animali;
710 1801 753 1840 et
781 1799 843 1841 sie
865 1799 1152 1854 singulariter
1177 1801 1231 1842 de
1265 1802 1467 1856 quolibet
1487 1816 1642 1858 grosso

23 1868 30 1871 ⁷
83 1870 285 1922 animam
301 1873 345 1918 et
370 1869 490 1924 quod
512 1870 614 1924 plus
634 1886 661 1915 a
681 1869 893 1924 predictis
915 1870 1175 1914 hominibus
1206 1886 1284 1926 per
1315 1872 1456 1915 die'os
1479 1874 1644 1916 banne-

85 1948 176 1991 rios
203 1949 377 1989 nostros
403 1957 482 1986 seu
514 1942 714 1997 bajulum
744 1955 831 1983 non
860 1942 1002 1995 possit
1029 1941 1147 1995 exigi
1177 1956 1255 1984 seu
1285 1944 1465 1998 requiri.

146 2018 367 2060 Volumus
394 2014 531 2056 etiam
558 2016 602 2055 et
628 2012 769 2055 teneri
794 2012 1082 2066 precipimus.
1114 2013 1250 2067 «pind.
1283 2014 1319 2055 si
1372 2028 1489 2055 unus
1516 2030 1639 2069 grex.

22 2125 28 2127 -
87 2104 167 2133 seu
196 2086 411 2142 tropellns
439 2083 687 2139 vulgariter
724 2085 1026 2137 nuncupatus.
1075 2084 1231 2124 ovium
1260 2097 1339 2126 sen
1389 2099 1641 2139 caprarum.

88 2161 135 2202 in
163 2159 282 2200 dicta
309 2155 546 2211 Blaqueria
572 2167 651 2196 seu
680 2154 855 2195 Devesa
885 2153 1195 2194 invenirentur
1221 2168 1299 2195 seu
1348 2157 1649 2210 reperirentur

90 2245 170 2288 per
196 2229 338 2271 dssctos
368 2225 624 2271 bannerios,
651 2238 730 2279 pro
753 2225 901 2265 banuo
923 2223 994 2264 vel
1022 2224 1193 2266 ratione
1223 2225 1359 2266 banni
1383 2240 1468 2283 non
1501 2230 1648 2270 tenin-

91 2306 168 2344 tur
196 2302 301 2341 dare
328 2297 492 2340 amodo
521 2296 604 2337 nisi
630 2295 830 2351 quinque
858 2294 1026 2336 solidos
1073 2287 1409 2349 melgoririises
1443 2311 1519 2339 nec
1550 2299 1651 2352 ptus.

90 2385 171 2429 per
191 2371 361 2412 dictum
390 2367 590 2422 bajulum
619 2380 698 2407 seu
721 2378 800 2420 per
826 2364 967 2406 dictos
996 2365 1233 2407 bannerios
1254 2367 1311 2408 ab
1345 2367 1431 2408 illis
1459 2368 1651 2413 homini—

90 2444 192 2490 bus,
223 2450 416 2497 quorum
440 2437 619 2478 fuerunt
650 2435 838 2491 predicti
863 2448 1022 2490 greges
1052 2448 1130 2476 seu
1161 2436 1351 2490 tropelli.
1385 2451 1473 2479 non
1502 2440 1652 2494 exiga-

90 2516 163 2556 tur
177 2525 257 2554 seu
282 2511 473 2566 petatur.
963 2510 965 2513 ’

151 2582 374 2624 Volumus
403 2582 553 2621 tamen
581 2577 717 2634 quod.v
744 2577 781 2619 si
810 2577 1015 2632 proxime
1043 2577 1162 2619 dieta
1206 2578 1487 2622 animaliain
1535 2582 1655 2624 dicta

93 2651 335 2709 Blaqueria
361 2663 441 2692 seu
487 2640 1204 2703 Devesia'dampnum'inferrent
1230 2662 1308 2690 seu
1339 2650 1472 2692 taleni
1501 2653 1654 2705 (zla-

36 2736 41 2741 ’
93 2721 438 2778 lain)'iacerent‚
464 2719 585 2775 quod
613 2719 668 2761 de
695 2719 825 2760 diet-is
846 2719 1046 2773 dampno
1073 2722 1117 2760 et
1139 2719 1226 2760 tato
1263 2721 1453 2775 (ztan)
1483 2721 1651 2764 ibidem

95 2794 240 2842 factis,
271 2793 391 2835 stent
416 2793 460 2833 et
484 2793 602 2833 stare
642 2793 893 2836 teneantur,
926 2803 1063 2844 super
1107 2791 1300 2831 emenda
1346 2791 1562 2835 iacienda.
1597 2794 1651 2834 al

94 2863 395 2919 cognitionem
423 2864 465 2902 et
496 2861 734 2903 arbitrium
763 2861 956 2902 duorum
1005 2861 1247 2914 probru-„ini
1278 2861 1512 2902 liminium
1545 2863 1654 2903 ilici

23 3178 66 3404 κδ-’Πμνῑω
40 3144 57 3164 .,
21 3066 45 3083 ¹:
