2107 3404
759 301 812 306 .--
846 274 922 319 iai

111 385 218 428 dicti
243 384 383 428 nobili
411 387 455 427 et
476 383 569 426 suis
596 383 957 426 antecessoribus
979 382 1176 425 dominis
1198 383 1331 425 castri
1358 381 1413 425 de
1440 380 1669 426 Rocafolio

111 456 165 499 ad
194 455 382 498 feudum
409 458 454 497 et
479 454 649 498 ratione
671 454 810 501 feudi,
837 457 881 496 et
906 457 1007 510 post
1035 467 1139 496 eum
1166 467 1194 497 a
1215 453 1309 496 suis
1337 454 1670 497 successoribus

108 530 153 569 et
179 527 264 569 sub
290 539 446 568 eorum
474 525 640 567 directo
668 524 884 573 dominio,
916 528 959 566 et
984 524 1267 579 juridictione
1290 527 1335 566 et
1360 524 1578 566 districtu:

169 591 390 639 Videlicet
415 595 645 651 quendam
675 608 889 638 mansum
928 595 1176 650 vulgariter
1201 595 1481 651 appellatum
1504 594 1560 638 de
1580 595 1672 637 Po-

116 666 227 715 zol5,
252 666 524 709 existentem
545 666 592 707 in
619 664 855 721 parrochia
882 666 1033 708 Sancti
1060 666 1239 708 Andree
1273 666 1326 708 de
1356 665 1494 707 Podio
1512 665 1672 719 (z-Bo-

110 738 219 793 dia),
241 739 286 780 et
305 737 596 779 medietatem
612 736 759 792 quinti
775 739 817 778 et
838 740 1046 793 quartam
1063 740 1239 792 partem
1256 737 1440 780 alterius
1456 737 1673 779 uindicta-

108 809 166 851 tis
188 807 350 863 quinti,
383 821 464 850 seu
489 806 560 862 jus
584 807 858 863 percipiendi
881 807 1047 849 dictam
1073 808 1440 855 1nedictalc1n,ct
1463 811 1671 864 ‹siuti-ium

114 881 292 935 partem
316 877 465 935 quinti
490 878 647 925 tocius,
679 880 721 919 et
748 877 949 919 universi
977 878 1083 919 dicti
1113 878 1258 920 mansi
1282 881 1471 933 excepta
1492 878 1672 926 foreste,

109 952 154 992 et
185 962 320 992 omne
346 948 600 991 dominium
622 950 664 990 et
690 948 961 995 hominium,
995 952 1036 989 ct
1069 962 1229 990 omncs
1277 962 1439 993 census
1462 951 1501 990 et
1531 947 1680 990 reddi-

112 1022 202 1068 tus,
233 1022 277 1062 et
303 1019 457 1062 omnia
482 1019 655 1062 usatica
704 1032 793 1075 que
822 1019 866 1060 in
894 1019 1012 1061 dicto
1042 1032 1199 1062 manso
1239 1020 1384 1062 habeo
1410 1020 1483 1062 vel
1510 1020 1678 1062 halim-e

111 1091 276 1138 debeo,
307 1093 499 1145 excepta
532 1090 711 1137 foreste;

176 1160 261 1212 Qui
288 1161 474 1216 quidem
497 1174 682 1203 mansus
704 1160 1012 1203 confrontatur
1036 1175 1094 1204 ex
1119 1175 1209 1204 una
1231 1165 1357 1217 parte
1384 1175 1486 1203 cum
1508 1162 1678 1203 honore

116 1231 265 1274 mansi
291 1231 348 1274 de
388 1231 535 1279 Prato,
590 1234 634 1273 et
660 1245 718 1273 ex
743 1231 832 1273 alia
857 1245 960 1273 cum
1012 1245 1172 1275 manso
1199 1233 1256 1276 de
1308 1233 1501 1281 Sezaria,
1532 1235 1576 1274 et
1619 1245 1677 1274 cx

116 1302 208 1346 alia
231 1314 335 1344 cum
362 1301 529 1344 honore
558 1302 707 1344 mansi
732 1302 788 1344 de
810 1302 1074 1356 Ferigoleto.

176 1374 262 1415 Pro
281 1385 371 1429 quo
398 1372 516 1414 dicto
564 1372 700 1414 feudo
752 1385 851 1414 esse
880 1372 1039 1421 debeo,
1095 1376 1139 1414 et.
1189 1386 1287 1415 esse
1315 1374 1481 1416 dehere
1509 1387 1581 1416 me
1632 1375 1677 1416 et

120 1456 246 1486 meos
272 1443 490 1485 confiteor
530 1444 574 1485 ct
600 1455 872 1498 recognosco
900 1443 1019 1485 dicto
1046 1443 1231 1485 domino
1282 1443 1473 1485 Heni-ico
1501 1447 1546 1486 et
1589 1444 1684 1486 suis

119 1527 219 1557 esse
246 1513 410 1562 fidelis;
441 1526 581 1570 quam
609 1513 879 1555 fidelitatem
907 1516 1059 1557 tenere
1106 1517 1149 1556 et
1178 1527 1360 1557 servare
1388 1528 1469 1569 per
1496 1514 1682 1570 stipula-

119 1585 293 1627 tionem
313 1584 458 1631 vohis,
485 1584 603 1626 dicto
625 1584 872 1626 Bertrando
899 1585 1133 1640 recipienti
1159 1589 1203 1628 et
1231 1585 1479 1640 stipulanti,
1498 1585 1681 1628 nomine

120 1656 265 1711 ipsius
292 1655 456 1698 nobilis
478 1655 651 1697 domini
678 1655 856 1697 Henrici
883 1658 928 1698 et
954 1669 1156 1704 suorum,
1187 1658 1416 1711 promttto.

184 1795 238 1838 Et
263 1806 346 1838 nos
372 1796 494 1839 idem
546 1796 613 1838 Bt.
645 1796 896 1852 predictam
940 1798 1310 1852 recognitionem,
1337 1798 1520 1841 nomine
1553 1809 1682 1853 sepe-

123 1867 230 1909 dicti
251 1855 257 1865 '
281 1867 447 1909 nobilis
475 1871 520 1909 et
547 1881 629 1922 pro
655 1868 769 1923 ipso,
802 1868 1061 1923 recipimus,
1093 1869 1220 1911 salvo
1247 1869 1293 1910 in
1319 1869 1531 1912 omnibus
1586 1869 1686 1926 jure

123 1950 221 1980 suo.

182 2010 295 2050 Aeta
320 2006 505 2050 fuerunt
531 2008 613 2049 hec
639 2008 686 2049 in
713 2011 833 2051 turre
860 2008 994 2050 castri
1022 2009 1078 2051 de
1118 2009 1473 2053 Brissiacodicti
1499 2011 1681 2058 nobilis,

126 2091 278 2120 coram
305 2079 362 2120 ad
389 2078 474 2120 hoc
518 2079 691 2121 vocatis
739 2083 783 2121 ct
810 2080 977 2134 rogatis
1006 2080 1214 2133 testibus,
1246 2081 1414 2124 scilicet
1458 2082 1591 2125 Petro
1624 2082 1680 2124 de

122 2150 352 2203 Aguzano‚
406 2149 569 2192 Poncio
594 2150 799 2197 Faverio,
832 2151 962 2193 Petro
1007 2151 1207 2199 Maiiam,
1255 2153 1395 2194 Paulo
1432 2153 1488 2195 de
1541 2154 1687 2208 Super

123 2219 289 2267 vineis,
320 2222 364 2262 et
390 2232 463 2262 mc
490 2220 621 2262 Petro
648 2220 925 2269 Christol'ori,
956 2222 1139 2276 publico
1167 2222 1342 2265 notario
1363 2223 1422 2279 *in
1450 2226 1542 2266 tota
1567 2223 1686 2266 dicta

70 2288 323 2375 [baronia
348 2303 407 2332 ex
432 2293 559 2346 parte
585 2290 731 2346 ipsius
776 2291 956 2339 nobilis,
987 2292 1081 2347 qui,
1113 2293 1329 2335 mandato
1356 2294 1574 2348 parcium,
1605 2294 1689 2337 1100

127 2359 486 2403 instrumentum
511 2361 744 2417 publicum
772 2361 929 2417 scripsi
957 2365 999 2404 ct
1027 2362 1154 2417 signo
1181 2376 1283 2405 mco
1311 2363 1501 2418 signavi.

1063 2503 1160 2542 (Reg.
1183 2503 1220 2541 D,
1251 2504 1310 2536 101.
1335 2503 1452 2543 261r·).
