1991 3279
1029 346 1278 390 -810—

375 457 598 499 duntaxat
623 455 805 504 sanctis,
836 454 1021 503 clericis,
1052 469 1103 498 ac
1130 453 1444 498 ecclesiasticis
1472 452 1693 509 personis,
1725 455 1769 496 et
1817 451 1926 495 locis

375 527 610 582 religiosis,
642 541 692 569 nc
720 527 952 575 militibus,
987 530 1030 568 et
1056 525 1285 568 nobilibus
1314 525 1693 580 quibuscumque3

432 598 633 641 Retentis
685 601 836 640 tamen
889 597 1018 640 nobis
1046 600 1091 640 et
1141 596 1305 639 nostris
1346 595 1678 638 successoribus
1723 594 1923 643 consilio,

374 670 592 712 laudimio
620 673 664 712 et.
689 683 895 712 assensu:
942 672 986 710 et
1015 668 1198 710 retentis
1227 667 1465 710 duodecim
1494 666 1692 710 denariis
1720 665 1928 720 melgori-

374 741 560 784 eusibus
581 740 886 787 censualibus,
913 740 1042 782 nobis
1065 742 1105 782 et
1131 739 1293 781 nostris
1316 738 1650 781 successoribus
1673 736 1923 780 annuatim.

373 812 417 854 in
445 815 589 854 castro
616 811 995 857 Montisferrundi,
1021 810 1063 852 in
1093 810 1205 852 festo
1228 810 1441 852 Omnium
1470 811 1735 852 sanctorum
1764 808 1928 864 imper-

374 886 560 938 petuum
590 883 920 938 persolvendis.

434 954 751 996 promittentes
781 953 859 996 tibi
881 967 959 1009 per
980 953 1319 1009 stipulationem
1352 953 1650 1007 sollempnem
1678 951 1928 1007 predictum

376 1024 545 1068 fontem
574 1029 617 1067 et
643 1025 963 1079 aqueductum,
995 1038 1097 1066 cum
1126 1024 1218 1065 suis
1244 1023 1419 1079 juribus
1447 1027 1491 1064 et
1542 1022 1838 1078 pertinentiis,
1886 1024 1929 1064 et

376 1096 710 1152 possessionem
738 1095 942 1150 ejusdem
974 1095 1051 1136 tibi
1081 1098 1122 1137 et
1166 1095 1253 1136 tuis
1280 1094 1557 1141 deffendere,
1588 1093 1859 1136 auctorizare
1887 1095 1931 1135 et

378 1168 559 1222 pacifice
588 1167 828 1214 custodire,
870 1167 912 1207 in
940 1166 1106 1221 judicio
1147 1167 1219 1208 vel
1246 1169 1386 1213 extra,
1418 1166 1474 1208 ab
1502 1165 1626 1207 omni
1676 1164 1930 1220 impetitore

375 1252 453 1280 seu
482 1238 833 1281 controversiam
861 1241 1067 1280 movente
1099 1237 1143 1279 in
1173 1237 1399 1293 predictis;

434 1311 495 1351 De
524 1309 745 1351 evictione
800 1308 922 1351 totali
975 1311 1017 1351 et
1041 1308 1299 1364 particulari
1355 1308 1495 1350 teneri
1525 1307 1727 1350 volentes
1756 1319 1836 1349 nos
1887 1309 1929 1348 et

376 1384 568 1422 nostros:
1761 1427 1763 1430 ¹

435 1452 487 1494 Et
514 1451 668 1493 onmia
696 1454 738 1499 et
767 1450 942 1505 singule
996 1451 1266 1506 supradicta,
1324 1451 1439 1492 bonu
1471 1450 1573 1498 fide,
1605 1450 1836 1492 attendere
1887 1451 1931 1491 et

374 1522 615 1578 complere,
648 1526 691 1564 01
718 1523 1040 1564 inviolabiliter
1066 1523 1326 1570 observare,
1358 1524 1401 1563 et
1430 1535 1663 1577 nunquam
1698 1523 1930 1564 contrave-

377 1594 483 1641 nire,
516 1595 570 1636 (10
590 1593 687 1649 jure
711 1594 781 1635 vel
809 1594 863 1635 (10
888 1593 1016 1642 facto,
1042 1594 1193 1649 ntique
1218 1593 1358 1637 titulo,
1385 1593 1456 1635 vel
1479 1593 1649 1635 ratione
1674 1606 1752 1635 seu
1774 1605 1923 1639 causa;

375 1668 417 1707 et
444 1679 532 1707 non
573 1665 775 1712 fecimus,
832 1679 911 1707 nce
962 1665 1163 1706 diximus
1214 1664 1384 1721 aliquid
1436 1664 1680 1719 quominus
1732 1662 1928 1719 predicta

374 1736 528 1778 omnin
555 1739 597 1778 et
626 1736 804 1790 singula
831 1736 875 1777 in
904 1750 985 1778 suu
1018 1739 1311 1791 permaneant
1338 1735 1587 1784 l'irmilate,;

434 1807 764 1849 Renuncinntes
781 1821 838 1849 ex
865 1810 985 1849 certa
1012 1807 1197 1849 scientia
1224 1807 1477 1862 exceptioni
1500 1806 1589 1848 doli
1617 1806 1720 1848 etin
1740 1806 1920 1854 factum,

376 1879 559 1921 cuilibet
587 1878 752 1920 actioni
781 1882 825 1920 et
850 1878 1094 1920 conditioni
1137 1878 1231 1919 sinc
1259 1892 1409 1925 causa,
1441 1881 1483 1919 et
1510 1870 1721 1920 omnibus
1767 1890 1929 1935 excep-

377 1950 572 1992 tionibus
617 1953 660 1991 et
685 1949 858 2004 juribus
886 1949 1000 1997 aliis7
1035 1964 1112 2004 per
1157 1964 1243 2005 que
1272 1949 1472 2005 deceptis
1500 1953 1543 1991 et
1581 1949 1687 1991 lesis
1727 1949 1927 1991 ecclesiis

376 2021 659 2063 subvenitur.

437 2094 546 2134 Acin
574 2092 754 2135 fuerunt
782 2092 861 2133 hec
889 2092 1005 2147 apud
1037 2094 1234 2133 castrum
1280 2093 1333 2133 de
1363 2092 1489 2148 Ripa,
1533 2091 1809 2134 Lodovensis
1836 2091 1926 2133 dio-

377 2164 501 2212 cesis,
536 2166 639 2205 unte
668 2167 843 2218 portum
861 2163 1043 2205 ecclesie
1072 2163 1214 2218 ipsius
1246 2163 1394 2210 castri,
1427 2163 1710 2218 presentibus
1739 2162 1948 2205 testibusv

378 2235 582 2288 religioso
610 2239 653 2277 et
676 2234 920 2276 venerabili
951 2234 1045 2276 viro
1085 2234 1269 2276 domino
1296 2235 1535 2277 (luillelmo
1582 2232 1669 2292 [de]
1697 2233 1928 2276 Mirnbello

377 2306 588 2347 ‹·:n¹onico
634 2306 957 2360 magalonensi,
1002 2306 1184 2348 domino
1222 2306 1463 2348 Guillclmo
1491 2306 1545 2347 de
1585 2306 1714 2349 Ulmo
1760 2308 1927 2348 rectore

377 2377 559 2418 ecclesie
589 2377 740 2419 Sancti
767 2377 946 2419 (lei-utili
974 2377 1166 2420 diocesis
1194 2377 1490 2424 Lodovensis,
1523 2378 1711 2432 Hugonc
1738 2377 1793 2419 dc
1815 2377 1928 2418 Fara

376 2448 548 2495 clerico,
575 2451 617 2489 01.
645 2448 844 2490 Arnnldo
872 2449 925 2490 (10
945 2448 1096 2490 Salvio
1124 2448 1376 2492 domicello:
1411 2452 1455 2491 et
1481 2462 1562 2503 ego
1589 2447 1926 2491 Guillelmusde

377 2519 644 2567 Lemovii-is,
679 2520 882 2574 publicus
911 2519 955 2561 in
984 2520 1291 2574 Magaloncnsi
1337 2520 1503 2562 diocesi
1532 2523 1575 2562 et
1602 2520 1645 2561 in
1674 2521 1766 2561 tota
1812 2521 1928 2560 terra

376 2590 707 2643 Magalenensis
754 2591 945 2633 Ecclesie
986 2590 1174 2646 predicti
1213 2591 1384 2632 domini
1429 2590 1626 2646 episcopi
1665 2589 1927 2632 auctoritate

376 2661 588 2705 notarius,
622 2662 832 2703 omnibus
862 2662 1074 2717 predictis
1102 2661 1298 2703 interfui.
1331 2662 1449 2704 etde
1476 2675 1697 2704 consensu
1731 2664 1775 2703 et
1803 2674 1927 2702 man-

375 2732 478 2773 dato
504 2733 695 2786 partium
721 2733 799 2773 lwc
822 2735 973 2774 omnin
990 2732 1148 2787 scripsi
1176 2736 1217 2774 et
1246 2733 1396 2787 redegi
1421 2733 1462 2774 in
1493 2733 1682 2776 formam
1702 2731 1924 2787 publicam

375 2805 416 2844 et
445 2802 571 2855 signo
601 2816 699 2843 111(·(1
728 2804 918 2855 signavi.

1237 2946 1332 2982 (neg.
1358 2945 1466 2976 E,f01.
1487 2946 1548 2975 310
1566 2946 1623 2978 ν’).
