2107 3404
702 258 979 301 ·-159—

74 368 215 416 libere
243 377 286 417 et
325 374 513 430 pacifice
541 376 919 421 dominicaturam
948 391 1093 435 suam,
1149 379 1320 422 seilicet
1344 382 1439 424 tam
1471 381 1518 423 in
1544 380 1631 426 hiis

75 457 165 501 que
186 445 443 502 prepositus
470 448 516 489 et
536 446 735 491 Ecclesia
759 448 1092 503 Magalonensis
1114 452 1285 499 tenent,
1309 464 1449 508 quam
1475 451 1521 495 in
1548 453 1635 496 hiis

73 528 164 571 que
190 515 268 559 alii
320 518 474 560 tenent
510 518 568 560 ab
596 516 784 566 eisdem,
815 518 934 562 intra
982 519 1280 563 limitationes
1332 522 1627 577 pertinentes.

72 585 336 630 claudentes
363 590 539 643 partem
565 588 683 643 regis
710 601 870 632 versus
898 591 1045 638 Latas,
1076 591 1139 633 ita
1165 592 1288 647 quod
1314 592 1411 647 ipse
1463 607 1624 649 prepo·

69 659 182 701 situs
209 662 251 701 et
294 658 490 702 Ecclesia
527 658 860 714 Magalonensis
887 661 1098 709 habeant,
1130 665 1174 704 et
1223 662 1390 706 habere
1440 662 1638 708 debeant

68 729 115 771 in
153 729 366 784 predictis
416 728 487 785 jus
514 733 558 771 et
584 743 717 772 usum
770 731 1000 786 pascendi,
1030 734 1073 774 et
1126 733 1309 775 tenendi
1359 733 1628 779 bestiarqun

69 814 205 843 suum
232 813 376 857 usque
403 800 588 842 ibidem.

128 872 182 914 Et
208 871 246 915 si
272 872 351 927 qui
371 871 448 914 alii
475 875 630 914 contra
656 872 939 915 voluntatem
966 873 1110 929 ipsius
1139 875 1355 930 prepositi
1378 879 1417 918 et
1441 875 1637 919 Ecclcs'·.e

66 942 402 998 Magalonensis
456 942 751 985 immitterent
777 943 823 985 in
849 943 1016 986 dictam
1043 944 1423 989 dominfcaturam
1474 946 1640 989 hestia-

67 1014 203 1062 rium,
235 1016 314 1056 aut
357 1013 527 1056 vellent
553 1013 619 1055 uti
645 1013 980 1068 allegnamento
1007 1014 1103 1057 sive
1132 1016 1326 1070 pas-uis,
1358 1017 1530 1071 absque
1562 1031 1638 1058 eo-

68 1098 172 1128 rum
197 1084 382 1153 propria
406 1083 664 1132 voluntate»
688 1084 861 1126 licitum
890 1088 959 1127 est
994 1088 1038 1126 et
1066 1086 1144 1127 (rit
1177 1086 1350 1128 eisdem
1398 1079 1635 1141 pignorare
1674 1084 1678 1089 ’

65 1157 173 1200 illos
199 1157 437 1201 intrantes,
467 1155 542 1197 vel
569 1155 635 1197 uti
680 1155 903 1203 volentes,
935 1158 978 1197 et
1005 1156 1197 1211 pignora
1247 1157 1463 1205 detinere,
1496 1159 1639 1201 donec

68 1228 244 1272 eisdem
271 1226 407 1270 fuerit
432 1227 490 1269 ab
517 1226 605 1268 illis
634 1225 833 1281 plenarie
863 1225 1163 1268 satisfactum.

124 1299 224 1343 Non
249 1297 516 1353 intelligitur
542 1300 710 1344 tamen,
742 1310 823 1339 uec
849 1296 1040 1351 intelligi
1067 1296 1303 1340 voluerunt
1338 1301 1433 1355 ipse
1462 1303 1628 1355 partes,

66 1369 187 1426 quod
215 1371 400 1425 propter
424 1367 508 1410 hoe
534 1366 792 1422 prepositus
819 1369 863 1409 et
889 1367 1088 1409 Ecclesia
1113 1368 1451 1423 Magalouensis
1501 1370 1634 1426 juris-

70 1440 318 1484 dictionem
344 1439 547 1494 aliquam
573 1437 785 1485 habeant,
816 1437 891 1479 vel
937 1437 1181 1480 videantur
1225 1438 1393 1482 habere
1446 1441 1633 1490 ibidem,

64 1511 278 1554 videlicet
304 1511 358 1553 de
387 1509 575 1552 eeclesia
601 1508 754 1550 Sancti
782 1507 1016 1550 Michaelis
1044 1521 1189 1563 usque
1211 1509 1269 1551 ad
1291 1511 1521 1553 caminum
1548 1525 1638 1569 quo

64 1585 156 1626 itur
181 1583 237 1625 de
264 1581 386 1625 Latis
413 1580 535 1636 apud
559 1578 843 1633 Melgorium,
867 1592 950 1621 nec
970 1592 1115 1634 usque
1142 1579 1200 1621 ad
1229 1581 1446 1623 terminos
1466 1583 1638 1637 positos

64 1655 184 1697 inter
207 1652 446 1697 ecclesiam
475 1650 628 1694 Sancti
653 1649 889 1692 Michaelis
912 1651 956 1691 et
982 1649 1219 1691 ecelesiam
1238 1651 1389 1694 Sancti
1410 1652 1636 1712 Vincentii

66 1728 112 1769 et
137 1723 291 1768 Sancti
317 1721 581 1770 Salvatoris,

124 1797 238 1838 Item
263 1794 350 1837 fuit
374 1796 526 1836 actum
553 1791 809 1847 expressim
834 1790 954 1832 inter
998 1793 1169 1846 partes,
1226 1794 1368 1848 quod,
1426 1795 1463 1836 si
1492 1794 1635 1850 aliqui

65 1867 382 1924 delinquentes
404 1856 611 1920 tugerent
633 1862 689 1904 de
710 1874 801 1904 una
820 1860 1130 1916 jurisdictione
1159 1862 1217 1904 ad
1245 1863 1398 1913 aliam,
1416 1865 1494 1908 illa
1513 1866 1638 1909 curia

65 1940 114 1981 in
139 1937 268 1994 cujus
292 1932 603 1992 juffsdictione
631 1933 705 1976 vel
731 1931 939 1975 districtu
989 1932 1206 1974 delictum
1234 1933 1371 1977 fuerit
1422 1937 1637 1980 commis-

65 2021 184 2057 sum,
216 2007 368 2050 valeat
392 2006 533 2048 libere
562 2003 760 2060 ‚insequi
808 2002 1129 2058 delinquentes
1158 2007 1203 2045 et
1223 2017 1398 2060 capere,
1424 2006 1637 2062 flagranti

64 2080 269 2127 crimine,
300 2091 352 2121 ac
380 2077 418 2120 si
444 2076 502 2119 ad
553 2076 703 2117 locum
730 2074 917 2116 alterius
969 2073 1239 2116 devenerint
1289 2076 1630 2131 jurisdictionis.

62 2153 186 2195 Tunc
205 2149 385 2204 bajulus
406 2147 504 2195 loci,
535 2144 832 2188 incontinenti
860 2144 1075 2191 monitus,
1108 2158 1215 2187 eum
1243 2159 1422 2202 capere,
1454 2150 1632 2192 tradere

63 2225 108 2265 et
133 2220 363 2264 remittere
390 2218 448 2260 ad
474 2217 625 2259 locum
670 2214 997 2270 jurisdictionis
1028 2215 1106 2256 ubi
1134 2217 1429 2266 commiserit,
1480 2222 1634 2263 tenca-

65 2296 152 2339 tur,
182 2294 242 2339 et,
297 2289 376 2332 ubi
402 2286 662 2344 deliquerit,
712 2285 941 2341 puniatur;
973 2288 1017 2326 et
1043 2286 1166 2340 quod
1207 2290 1328 2329 esset
1355 2290 1431 2341 (z
1448 2289 1634 2347 faceret)

63 2361 319 2408 unaoeuria,
368 2360 511 2402 altera
560 2369 696 2412 super
722 2355 809 2397 hiis
857 2355 1014 2409 juvare
1069 2356 1235 2397 dehent
1256 2359 1332 2412 (z
1345 2359 1542 2414 debeat),
1588 2365 1634 2404 et

61 2446 199 2490 super
223 2432 324 2474 aliis
350 2431 397 2472 in
423 2428 589 2484 quibus
617 2438 790 2471 eorum,
822 2438 904 2467 seu
954 2425 1141 2467 alterius
1170 2439 1343 2476 eorum,
1374 2428 1629 2483 jurisdictio

61 2505 334 2547 turbaretur.

121 2576 234 2618 Item
255 2573 339 2615 tuit
364 2574 516 2615 actum
542 2568 679 2625 quod,
738 2566 1015 2622 ubicumque
1044 2566 1127 2608 fiat
1178 2569 1344 2623 gradus
1371 2570 1418 2612 in
1459 2572 1631 2627 episco-

61 2648 171 2702 patu
197 2641 518 2698 Magalonensi,
548 2638 761 2681 dominus
813 2637 1215 2692 Montispessulani
1244 2641 1287 2681 et
1314 2642 1449 2684 castri
1495 2644 1627 2687 Lata-

0 2708 3 2713 *
62 2728 166 2759 rum
192 2714 393 2756 habeant
417 2714 462 2753 et
489 2709 755 2767 percipiant,
780 2710 825 2749 et
850 2707 1017 2750 habere
1045 2710 1090 2749 et
1118 2709 1351 2765 percipere
1378 2712 1518 2756 libere
1547 2729 1632 2758 va·
1663 2734 1671 2741 ·

60 2786 198 2834 leant,
235 2797 318 2827 sua
344 2783 482 2825 etiam
520 2779 815 2832 auctoritate,
844 2777 890 2818 id
918 2780 1064 2819 totum
1091 2779 1214 2833 quod
1259 2794 1339 2835 pro
1367 2782 1558 2842 stac[h]a
1586 2789 1630 2828 et

0 2893 5 2895 ,
61 2855 236 2898 ratione
263 2853 415 2897 stache
466 2850 695 2907 percipere
722 2850 1069 2895 consueverunt,
1101 2852 1146 2890 et
1172 2849 1288 2891 sieut
1332 2855 1400 2894 est
1442 2866 1630 2897 consue-

0 2932 5 2943 ’·
60 2929 175 2975 tum;
203 2927 248 2968 et
296 2924 344 2966 in
369 2923 456 2966 hiis
482 2924 526 2965 et
576 2932 713 2975 super
737 2918 826 2961 hiis
877 2917 1134 2975 episeopus,
1165 2923 1210 2963 et
1251 2924 1524 2979 prepositus,
1589 2932 1633 2972 et
