1991 3279
909 242 961 250 -
991 215 1105 261 1024
1134 241 1189 254 .-

274 324 387 367 senti
415 336 604 365 vacuam
631 326 675 365 et
701 326 962 365 vaccantem
990 323 1326 378 possessionem
1361 323 1566 365 onmium
1612 323 1833 378 predicto-

275 408 388 440 rum.
416 394 572 436 voleus
600 397 641 435 et
688 394 936 435 concedens
981 393 1061 435 tibi
1090 397 1134 435 et
1163 393 1265 441 tuis,
1296 393 1418 448 quod
1471 397 1624 436 vestra
1649 394 1834 449 propria

273 465 534 507 auctoritate
563 465 658 506 sine
683 478 783 506 mea
810 464 1103 519 requisitione
1131 468 1175 507 et
1202 477 1424 511 meorum,
1456 464 1638 519 possitis
1665 464 1831 508 intrare

273 536 549 591 corporalem
598 535 930 589 possessionem
983 536 1055 578 vel
1106 535 1235 591 quasi
1271 535 1475 578 omnium
1528 535 1833 590 predictorum

273 621 299 649 a
325 620 396 649 me
449 606 527 648 tibi
556 610 599 648 et
645 606 730 648 tuis
766 607 974 661 superius
1026 607 1330 652 venditorum,
1388 596 1580 649 nancisci
1609 609 1652 649 et
1696 606 1832 649 etiam

275 680 478 727 retinere,
515 678 636 719 nulla
663 677 949 732 possessione
977 678 1183 719 omnium
1233 677 1539 733 predictorum
1565 691 1704 732 penes
1759 691 1828 720 me

273 750 340 790 vel
365 762 490 791 meos
538 751 810 797 remanente,
845 749 924 791 sed
977 749 1022 790 in
1051 753 1090 791 te
1120 753 1163 791 et
1192 752 1290 791 tuos
1330 748 1479 790 omnis
1509 749 1737 804 possessio
1766 751 1835 791 est

276 820 504 862 translata.

332 891 474 941 Quam
520 891 857 945 possessionem
899 892 968 933 ve]
999 891 1147 946 quasi,
1195 904 1432 947 quousque
1459 890 1736 945 intraveritis
1787 893 1832 933 et

273 962 647 1018 aprehenderitis‚
672 963 897 1004 constituo
924 975 995 1004 me
1017 963 1197 1004 interim
1222 965 1296 1004 tuo
1324 965 1595 1017 tuorumque
1646 961 1831 1004 nomine

275 1033 470 1089 precario
494 1033 724 1088 possidere
752 1034 825 1075 vel
846 1034 990 1088 quasi:
1016 1037 1199 1089 propter
1219 1046 1356 1088 quam
1379 1033 1630 1088 precariam
1652 1046 1829 1088 posses-

273 1105 445 1147 sionem
468 1108 539 1145 vel
573 1105 1060 1161 aliamquamcumque
1090 1105 1271 1147 civilem
1312 1105 1385 1146 vel
1414 1105 1684 1152 naturalem,
1736 1104 1834 1147 volo

272 1176 412 1217 videri
441 1176 761 1230 aliquathenus
789 1189 890 1218 meo
918 1176 1100 1218 nomine
1131 1176 1375 1231 possidere;

331 1247 603 1289 Promittens
632 1247 712 1288 libi
740 1247 858 1289 dicto
885 1248 1112 1290 Bernardo
1152 1247 1335 1289 ementi.
1369 1261 1447 1302 per
1473 1246 1672 1294 firmam,
1726 1246 1836 1288 vali-

272 1319 376 1360 dam
404 1321 448 1359 et
474 1318 727 1369 solemnem
750 1319 1104 1373 stipulationem.
1136 1319 1257 1374 quod
1279 1318 1433 1361 omnia
1460 1318 1643 1368 usatica,
1672 1318 1836 1361 senho-

275 1390 383 1437 rina,
417 1389 648 1437 laudiflua,
692 1389 930 1445 loriscapia
957 1393 1000 1432 et
1049 1390 1162 1432 alias
1190 1404 1259 1431 res
1287 1394 1332 1432 et
1379 1389 1480 1445 jura
1505 1403 1530 1431 a
1559 1402 1631 1431 me
1659 1389 1741 1431 tibi
1791 1391 1836 1431 et
1898 1383 1900 1385 ¹

275 1461 362 1503 luis
390 1461 587 1508 vendita
621 1465 886 1516 expressata
912 1465 956 1503 et
984 1476 1071 1503 non
1101 1465 1377 1517 expressata,
1411 1461 1573 1503 faciam
1602 1463 1643 1503 te
1671 1463 1716 1503 et
1731 1463 1830 1503 tuos

276 1545 455 1587 semper
482 1532 699 1574 habere...
726 1536 769 1574 et
795 1533 852 1574 ab
903 1533 1026 1575 omni
1057 1546 1249 1588 persona
1275 1533 1450 1587 aliquid
1477 1532 1540 1573 ibi
1597 1535 1831 1587 petente...

274 1617 348 1644 ere
378 1604 456 1644 libi
484 1606 527 1645 et
560 1603 648 1645 tuis
676 1603 824 1646 fidelis
876 1604 1031 1659 legalis
1059 1604 1243 1659 guirens
1271 1617 1321 1645 ac
1347 1603 1597 1651 deffensor,
1629 1606 1674 1645 et
1699 1606 1742 1646 te
1792 1606 1837 1646 et

249 1664 376 1716 ‘tuos-
412 1674 605 1717 l'ideliter
655 1675 932 1717 deflendam.
988 1678 1031 1717 et
1058 1675 1248 1717 ol'l'eram
1303 1688 1373 1717 me
1402 1675 1469 1716 liti
1497 1678 1547 1717 et
1576 1675 1729 1716 litibus
1778 1673 1836 1716 ad

276 1746 527 1800 simplicem
573 1746 974 1788 commonitionem
1001 1750 1122 1789 tuam
1153 1748 1223 1788 vel
1252 1750 1448 1794 tuorum,
1479 1746 1630 1788 libello
1679 1745 1834 1788 oblato

277 1817 345 1857 vel
387 1830 489 1863 non,
539 1821 642 1859 ante
671 1817 795 1859 litem
846 1820 1144 1860 contestatam
1196 1820 1239 1859 et
1267 1821 1383 1872 post,
1408 1820 1562 1859 contra
1611 1829 1770 1859 omnes
1791 1818 1835 1858 et

275 1888 473 1942 singulas
499 1902 713 1942 personas
740 1889 913 1944 aliquid
945 1889 984 1930 in
1016 1889 1225 1944 predictis
1252 1888 1482 1936 omnibus,
1513 1901 1539 1930 a
1567 1901 1638 1929 me
1666 1887 1747 1930 tibi
1791 1890 1837 1930 et

277 1959 361 2000 luis
389 1959 597 2003 venditis,
631 1974 711 2002 scu
732 1960 884 2016 aliquo
905 1974 963 2002 ex
989 1961 1052 2002 eis
1078 1963 1285 2015 petentes
1334 1961 1403 2002 vel
1432 1960 1651 2015 petituros
1683 1971 1836 2002 coram

274 2030 635 2086 ‹piilniscumque
685 2031 910 2085 judicibus
933 2031 1244 2074 ecclesiasticis
1268 2033 1338 2073 vel
1391 2030 1683 2078 secularibus,
1715 2029 1833 2073 ordi-

277 2101 410 2143 nariis
466 2102 530 2142 vel
586 2103 973 2151 extraordinariis,
1004 2103 1223 2158 delegatis
1253 2104 1321 2144 vel
1375 2102 1694 2157 subdelegatis,
1757 2116 1838 2144 seu

273 2172 372 2213 aliis
399 2173 761 2229 ‹piilmscnmque
789 2175 985 2223 arbitris,
1016 2175 1362 2217 arbitratorilms
1391 2188 1473 2216 seu
1517 2173 1834 2216 amicabilibus

273 2244 664 2297 compositoribus,
714 2246 767 2287 de
799 2246 896 2300 ipsa
946 2247 1021 2288 lite
1068 2261 1147 2288 seu
1176 2246 1346 2288 litibus.
1381 2245 1554 2288 tamdiu
1581 2258 1684 2287 cum
1729 2244 1834 2289 illis,

274 2314 348 2367 qui
378 2314 541 2356 (liciam
572 2316 693 2357 litem
748 2318 973 2358 moverint
1013 2332 1088 2358 seu
1124 2331 1303 2359 movere
1358 2316 1692 2372 temptaverint,
1727 2315 1838 2358 meis

277 2385 464 2439 propriis
493 2388 748 2441 sumplibus
789 2388 986 2443 liligalw.
1011 2403 1247 2444 quousque
1273 2388 1387 2430 dicte
1414 2389 1515 2430 lites
1544 2387 1682 2429 finem
1728 2387 1836 2442 legi-

276 2459 433 2497 timum
463 2457 716 2499 soi-liuntur.
768 2459 828 2500 ila
861 2461 981 2514 qued
1029 2460 1227 2515 predicta
1270 2459 1424 2502 omnia
1463 2462 1507 2501 et
1553 2459 1731 2513 singula
1755 2457 1833 2500 tibi

274 2529 312 2566 ei
341 2526 426 2566 luis
456 2532 710 2570 remaneant
745 2530 788 2569 in
813 2544 918 2584 pace
947 2534 988 2572 01⁷
1010 2531 1176 2587 quiete.

335 2597 383 2637 1⁴:12
403 2597 436 2636 si
465 2612 672 2651 processu
721 2602 932 2655 {emporis
989 2603 1118 2649 bona,
1170 2616 1239 2643 res
1267 2605 1310 2643 el..
1335 2601 1435 2656 jura
1480 2600 1738 2656 supradicta
1764 2601 1837 2642 vel

272 2667 420 2722 aliqua
445 2683 497 2708 ex
522 2669 584 2709 eis
608 2669 684 2710 lilii
717 2672 784 2711 vel
815 2673 900 2713 luis
947 2673 1261 2715 minaei-entur
1291 2673 1334 2713 in
1363 2675 1504 2714 totum
1535 2672 1603 2714 vel
1626 2671 1670 2713 in
1691 2675 1831 2726 parte,

271 2737 422 2792 aliquo
449 2753 552 2780 rus-u
583 2741 645 2780 vel
679 2742 823 2790 modo,
863 2743 968 2784 iilud
1013 2747 1154 2785 [cunni
1184 2747 1227 2785 et
1248 2744 1498 2798 dampnum
1529 2746 1572 2784 et
1599 2743 1835 2791 interesse,

270 2822 515 2861 gravamen
551 2815 586 2850 «¹1
620 2825 859 2865 expensas.
909 2828 995 2868 que
1017 2818 1057 2856 el
1095 2828 1209 2870 quas
1236 2815 1340 2856 inde
1387 2814 1578 2856 feceritis
1606 2814 1677 2855 vel
1705 2814 1839 2856 susti·

273 2879 474 2927 nuci-itis,
521 2880 629 2922 illud
661 2885 803 2924 totum
852 2885 978 2927 vohis
1005 2885 1177 2941 integre
1228 2885 1465 2927 restituam
1491 2887 1536 2927 et
1562 2877 1833 2927 emendabo3
