2107 3404
2 177 27 234 m.
0 68 31 170 mm
0 0 26 63 <aaa

7 291 25 303 ἰ-
7 252 27 281 i·-

16 363 26 370 ι
4 302 31 356 ‘'a-‘-

8 383 33 402 φ.

15 415 27 445 ;

16 473 19 481 .

19 523 24 531 .

807 139 860 144 -
889 114 974 157 437

150 223 210 266 de
236 221 438 269 Arsacio,
471 223 517 263 ut
544 220 717 263 domini
745 220 851 263 dicti
880 220 1015 264 castri
1043 221 1097 264 de
1126 221 1324 269 Arsacio,
1356 221 1412 265 ad
1441 222 1710 264 instanciam

150 296 195 338 et
215 292 593 348 significationem
620 291 794 334 domini
822 291 966 346 Egidii
1009 292 1065 334 de
1095 291 1260 335 Sancto
1287 292 1504 336 Get-vasio
1532 292 1702 340 militis,

150 368 196 408 et
221 364 403 406 illorum
449 362 527 418 qui
555 362 725 404 dictum
779 375 991 405 mansum
1036 363 1268 411 tenebant,
1314 363 1618 420 inquisierunt
1668 366 1712 406 et

147 434 493 491 inquisicionem
522 432 723 475 fecerunt
749 436 902 475 contra
928 433 1150 489 quosdam
1180 433 1404 482 homines,
1436 435 1513 491 qui
1540 434 1587 476 in
1614 434 1706 475 dic-

149 510 195 550 to
242 518 400 547 manso
427 508 470 547 et
522 503 618 559 ejus
647 504 929 558 pertinentiis
980 504 1164 547 arbores
1205 504 1370 547 talasse
1398 508 1442 547 et
1469 504 1707 549 emulsisse

149 577 428 621 dicebantur,
455 578 500 617 ct
544 574 656 617 alias
708 574 971 630 deliquisse:
1004 578 1047 616 et
1075 575 1197 631 quod
1251 575 1305 617 de
1333 576 1548 630 predictis
1576 580 1706 620 estet

148 647 233 690 fuit
261 646 395 689 fama.

205 718 315 761 ltem
355 720 612 772 proponunt
657 719 697 758 et
735 716 924 771 probare
966 717 1205 760 intendunt.
1231 718 1353 773 quod
1394 718 1516 761 locus
1562 720 1707 763 dictus

147 789 317 833 Comba
343 789 398 830 de
426 788 671 830 Montealto
698 791 767 829 cst
795 788 838 828 in
860 787 1176 842 jurisdiccione
1199 789 1303 830 dicti
1327 789 1459 831 castri
1487 790 1541 832 de
1574 792 1707 834 Arsa-

145 861 228 908 cio,
259 863 304 901 et
330 859 373 900 in
402 858 692 914 pertinenciis
720 858 827 900 dicti
856 859 1001 901 mansi
1029 859 1084 900 dc
1114 859 1298 902 Duabus
1326 860 1465 904 Casis:
1497 864 1541 904 et
1584 863 1707 917 quod

145 931 236 974 cur}
243 944 270 973 a
289 930 577 972 dominorum
602 930 657 971 dc
680 929 865 971 Arsacio
894 930 939 971 in
952 929 1142 985 quisixit
1169 933 1211 972 et
1233 930 1577 986 inquisitionem
1604 932 1707 975 fecit

144 1005 299 1045 contra
325 990 571 1056 quemdam
594 1000 776 1042 homin«
783 1013 842 1047 m,
873 1000 953 1056 nni
986 1000 1033 1042 in
1061 1001 1179 1043 dicto
1205 1001 1302 1044 loco
1329 1002 1576 1057 quemdam
1629 1003 1706 1046 ho-

144 1072 315 1114 minem
343 1072 608 1113 verberasse
637 1073 679 1112 et
709 1071 971 1113 xulnerassc
999 1071 1038 1113 10
1046 1071 1192 1114 talitci
1228 1072 1475 1120 dicebatur,
1508 1076 1551 1116 et
1578 1086 1704 1116 eum=

143 1143 249 1185 dem
278 1142 595 1184 vulnerantem
623 1141 975 1196 condempnavit
1003 1145 1047 1183 et
1075 1143 1268 1197 punivit,
1295 1143 1471 1185 racione
1512 1147 1555 1185 et
1580 1157 1704 1189 occa-

142 1214 270 1258 sione
296 1212 621 1268 jurisdictionis
649 1212 754 1254 dicti
782 1213 914 1254 castri
944 1213 998 1254 de
1025 1213 1225 1255 Arsacio.

202 1285 513 1326 Protcstantur
539 1283 646 1324 dicti
674 1283 843 1324 dolnini
876 1283 931 1325 (10
954 1284 1138 1326 Arsacio
1165 1284 1285 1340 quod
1314 1298 1401 1326 non
1449 1286 1706 1340 astringunt

142 1368 189 1397 se
215 1355 273 1397 ad
301 1354 457 1396 omnia
477 1357 522 1396 ct
543 1354 721 1407 singula
747 1353 1007 1408 supradicta
1027 1355 1275 1408 probanda,
1297 1355 1375 1396 sed
1397 1356 1454 1397 ad
1477 1369 1530 1398 ea
1556 1357 1701 1398 solun]

139 1439 228 1482 quc
256 1424 488 1468 sufficient
517 1423 689 1466 eisdem
714 1425 770 1465 ad
802 1425 1083 1479 probandam
1112 1424 1415 1468 intencionem
1439 1439 1610 1468 eorum.

199 1496 311 1538 Item
340 1498 647 1551 protestantur
691 1495 828 1550 quod,
861 1508 941 1550 per
968 1495 1085 1537 hunc
1130 1509 1410 1550 processum,
1442 1510 1531 1539 non
1559 1497 1704 1540 inten—

140 1567 255 1609 dunt
281 1566 545 1609 renunciare
573 1566 753 1608 cuidam
781 1566 856 1608 alii
885 1566 1128 1622 processui,
1169 1566 1261 1622 jam
1285 1567 1398 1610 alias
1425 1567 1541 1610 facto
1569 1582 1705 1625 super

139 1637 259 1679 dicta
283 1650 434 1683 causa,
468 1637 513 1678 in
541 1639 764 1692 quantum
793 1650 873 1692 pro
900 1636 964 1679 cis
993 1636 1112 1685 facit,
1144 1642 1188 1680 ct
1215 1637 1362 1680 tacere
1386 1642 1430 1681 et
1449 1638 1606 1694 juvare
1622 1653 1698 1682 cos

139 1711 302 1764 potest.

198 1852 304 1894 Post
333 1851 568 1907 premissa,
600 1851 746 1894 dictus
773 1851 1061 1899 castellanus,
1109 1852 1293 1894 nominc
1321 1866 1411 1908 quo
1439 1866 1588 1908 supra,
1621 1868 1699 1909 pro

139 1925 264 1978 parte
293 1922 437 1977 ipsius
481 1922 653 1964 domini
706 1923 906 1978 episcopi
935 1926 977 1964 ct
1005 1936 1085 1978 pro
1113 1927 1258 1965 castro
1312 1924 1695 1972 Montist'errandi,

138 1993 348 2040 reddidit,
380 1992 475 2035 loeo
504 1993 753 2047 peticionis,
784 1994 1008 2049 quasdam
1055 1994 1335 2036 intencion35
1363 2008 1441 2049 pro
1467 1994 1564 2050 jure
1591 1995 1696 2038 dicti

138 2063 310 2105 (1011ἱηί
339 2063 536 2119 episcopi
567 2067 607 2105 ct
637 2064 771 2106 castri
799 2064 1182 2112 Montisierrandi‚
1208 2078 1402 2120 quarum
1433 2068 1561 2108 tenor
1587 2066 1699 2109 infe-

138 2134 230 2176 rius
256 2135 524 2177 continetur.

196 2205 410 2259 Pr.›ponit
437 2208 479 2247 ct
509 2206 698 2260 probare
753 2206 946 2248 intendit
989 2206 1260 2249 castellanus
1312 2207 1695 2254 Montist'errandi,

137 2277 319 2317 nom‘nc
349 2276 454 2318 dicti
482 2277 631 2324 castri,
657 2278 778 2333 qnod
803 2291 990 2320 mansus
1019 2278 1072 2319 de
1102 2277 1286 2319 Duabus
1308 2277 1446 2325 Casis,
1473 2291 1575 2319 cum
1604 2279 1698 2320 suis

138 2346 441 2400 pertinenciis,
474 2351 543 2389 cst
568 2351 611 2389 ct
640 2348 720 2389 t'uit
749 2349 804 2389 dc
830 2348 1145 2402 jurisdiccione
1172 2348 1304 2390 castri
1331 2348 1697 2391 Montisterrandi

136 2419 180 2457 vt
206 2416 426 2465 districtu;
452 2420 496 2459 et
527 2418 647 2474 quod
670 2418 725 2460 de
755 2418 969 2474 predictis
991 2421 1060 2460 cst
1093 2422 1138 2460 et
1158 2418 1241 2460 fuit
1268 2418 1403 2461 sama.

196 2487 307 2530 Item
338 2489 545 2543 proponit
572 2492 616 2531 et
644 2490 833 2544 probare
874 2489 1069 2531 intendit
1094 2489 1240 2531 dictus
1284 2490 1570 2537 castellanus,
1621 2504 1697 2533 no-

140 2557 258 2600 mine
285 2572 374 2613 quo
414 2572 564 2614 supra,
619 2560 740 2615 qnod
789 2560 884 2615 ipse
912 2563 956 2602 et
982 2560 1078 2614 ejus
1129 2567 1455 2609 antecessores,
1487 2561 1563 2616 qui
1619 2575 1696 2616 pro

138 2631 340 2683 tempore
368 2628 551 2671 fuerunt
577 2630 811 2672 castellani
834 2630 1215 2678 Montssierrandi,
1242 2631 1311 2673 usi
1333 2631 1516 2673 fuerunt
1538 2632 1582 2673 in
1605 2632 1697 2674 dic-

75 2733 78 2736 .
138 2701 182 2740 to
210 2712 370 2742 manso
397 2702 440 2741 et
461 2699 558 2755 ejus
588 2701 892 2756 pertinenciis,
925 2714 1049 2743 mero
1077 2704 1119 2743 ct
1142 2701 1284 2744 mixto
1306 2701 1511 2757 imperio,
1543 2706 1587 2744 ct
1607 2703 1696 2744 alia

138 2769 753 2829 omnimodajurisdictione.
800 2772 974 2814 racione
1002 2775 1046 2814 ct
1091 2773 1324 2815 occasione
1370 2772 1696 2827 jurisdictionis
