<?xml version="1.0" encoding="UTF-8"?>
<!DOCTYPE html PUBLIC "-//W3C//DTD XHTML 1.0 Transitional//EN"
    "http://www.w3.org/TR/xhtml1/DTD/xhtml1-transitional.dtd">
<html xmlns="http://www.w3.org/1999/xhtml" xml:lang="en" lang="en">
 <head>
  <title>
</title>
<meta http-equiv="Content-Type" content="text/html;charset=utf-8" />
  <meta name='ocr-system' content='tesseract 3.04.00' />
  <meta name='ocr-capabilities' content='ocr_page ocr_carea ocr_par ocr_line ocrx_word'/>
</head>
<body>
  <div class='ocr_page' id='page_1' title='image "./cartulairedemagu03cathuoft_1017.png"; bbox 0 0 2040 3404; ppageno 0'>
   <div class='ocr_carea' id='block_1_1' title="bbox 109 309 1037 361">
    <p class='ocr_par' dir='ltr' id='par_1_1' title="bbox 109 309 1037 361">
     <span class='ocr_line' id='line_1_1' title="bbox 109 309 1037 361; baseline -0.003 -5"><span class='ocrx_word' id='word_1_1' title='bbox 109 343 115 361; x_wconf 51' lang='lat'>2</span> <span class='ocrx_word' id='word_1_2' title='bbox 754 309 948 361; x_wconf 67' lang='lat'><strong>—1003</strong></span> <span class='ocrx_word' id='word_1_3' title='bbox 984 334 1037 340; x_wconf 91' lang='lat'>—</span> 
     </span>
    </p>
   </div>
   <div class='ocr_carea' id='block_1_2' title="bbox 114 412 1668 1673">
    <p class='ocr_par' dir='ltr' id='par_1_2' title="bbox 117 412 1666 611">
     <span class='ocr_line' id='line_1_2' title="bbox 173 412 1666 469; baseline -0.003 -12"><span class='ocrx_word' id='word_1_4' title='bbox 173 415 383 469; x_wconf 71' lang='lat' dir='ltr'>Inpotens</span> <span class='ocrx_word' id='word_1_5' title='bbox 409 413 588 455; x_wconf 87' lang='lat' dir='ltr'>decerni</span> <span class='ocrx_word' id='word_1_6' title='bbox 612 427 691 469; x_wconf 88' lang='lat' dir='ltr'>per</span> <span class='ocrx_word' id='word_1_7' title='bbox 712 427 806 458; x_wconf 83' lang='lat' dir='ltr'>uos.</span> <span class='ocrx_word' id='word_1_8' title='bbox 831 416 1001 457; x_wconf 83' lang='lat' dir='ltr'>dictum</span> <span class='ocrx_word' id='word_1_9' title='bbox 1046 412 1359 457; x_wconf 76' lang='lat' dir='ltr'>senescallum,</span> <span class='ocrx_word' id='word_1_10' title='bbox 1391 425 1440 453; x_wconf 88' lang='lat' dir='ltr'>ae</span> <span class='ocrx_word' id='word_1_11' title='bbox 1463 425 1541 466; x_wconf 88' lang='lat' dir='ltr'>per</span> <span class='ocrx_word' id='word_1_12' title='bbox 1586 425 1666 453; x_wconf 90' lang='lat' dir='ltr'>nos</span> 
     </span>
     <span class='ocr_line' id='line_1_3' title="bbox 117 482 1666 540; baseline -0.003 -12"><span class='ocrx_word' id='word_1_13' title='bbox 117 484 279 540; x_wconf 75' lang='lat' dir='ltr'>exequi</span> <span class='ocrx_word' id='word_1_14' title='bbox 307 484 352 527; x_wconf 91' lang='lat' dir='ltr'>iu</span> <span class='ocrx_word' id='word_1_15' title='bbox 403 483 614 539; x_wconf 74' lang='lat' dir='ltr'>predictis</span> <span class='ocrx_word' id='word_1_16' title='bbox 661 486 921 528; x_wconf 82' lang='lat' dir='ltr'>maiulatnm</span> <span class='ocrx_word' id='word_1_17' title='bbox 967 485 1070 527; x_wconf 91' lang='lat' dir='ltr'>dicti</span> <span class='ocrx_word' id='word_1_18' title='bbox 1099 482 1270 525; x_wconf 92' lang='lat' dir='ltr'>domiui</span> <span class='ocrx_word' id='word_1_19' title='bbox 1301 482 1430 536; x_wconf 75' lang='lat' dir='ltr'>regis,</span> <span class='ocrx_word' id='word_1_20' title='bbox 1472 482 1526 523; x_wconf 85' lang='lat' dir='ltr'>de</span> <span class='ocrx_word' id='word_1_21' title='bbox 1577 496 1666 537; x_wconf 78' lang='lat' dir='ltr'>quo</span> 
     </span>
     <span class='ocr_line' id='line_1_4' title="bbox 117 554 1337 611; baseline -0.002 -14"><span class='ocrx_word' id='word_1_22' title='bbox 117 568 255 611; x_wconf 85' lang='lat' dir='ltr'>supra</span> <span class='ocrx_word' id='word_1_23' title='bbox 276 554 393 597; x_wconf 81' lang='lat' dir='ltr'>facta</span> <span class='ocrx_word' id='word_1_24' title='bbox 412 557 481 597; x_wconf 87' lang='lat' dir='ltr'>est</span> <span class='ocrx_word' id='word_1_25' title='bbox 509 555 694 596; x_wconf 77' lang='lat' dir='ltr'>mentio.</span> <span class='ocrx_word' id='word_1_26' title='bbox 729 556 969 597; x_wconf 83' lang='lat' dir='ltr'>literatorie</span> <span class='ocrx_word' id='word_1_27' title='bbox 1000 555 1127 596; x_wconf 68' lang='lat' dir='ltr'>uobis</span> <span class='ocrx_word' id='word_1_28' title='bbox 1157 554 1337 595; x_wconf 77' lang='lat' dir='ltr'>fartum.</span> 
     </span>
    </p>

    <p class='ocr_par' dir='ltr' id='par_1_3' title="bbox 116 623 1666 822">
     <span class='ocr_line' id='line_1_5' title="bbox 180 623 1666 680; baseline -0.003 -13"><span class='ocrx_word' id='word_1_29' title='bbox 180 626 410 668; x_wconf 79' lang='lat' dir='ltr'>Adversus</span> <span class='ocrx_word' id='word_1_30' title='bbox 436 638 523 680; x_wconf 83' lang='lat' dir='ltr'>qne</span> <span class='ocrx_word' id='word_1_31' title='bbox 552 638 598 665; x_wconf 82' lang='lat' dir='ltr'>se</span> <span class='ocrx_word' id='word_1_32' title='bbox 620 639 852 680; x_wconf 80' lang='lat' dir='ltr'>opponens</span> <span class='ocrx_word' id='word_1_33' title='bbox 877 627 1087 678; x_wconf 61' lang='lat' dir='ltr'>magister</span> <span class='ocrx_word' id='word_1_34' title='bbox 1116 626 1240 677; x_wconf 64' lang='lat' dir='ltr'>nugo</span> <span class='ocrx_word' id='word_1_35' title='bbox 1266 624 1320 664; x_wconf 90' lang='lat' dir='ltr'>de</span> <span class='ocrx_word' id='word_1_36' title='bbox 1350 625 1491 671; x_wconf 82' lang='lat' dir='ltr'>Porta,</span> <span class='ocrx_word' id='word_1_37' title='bbox 1521 623 1666 677; x_wconf 78' lang='lat' dir='ltr'>regius</span> 
     </span>
     <span class='ocr_line' id='line_1_6' title="bbox 117 694 1663 752; baseline -0.003 -12"><span class='ocrx_word' id='word_1_38' title='bbox 117 699 393 752; x_wconf 81' lang='lat' dir='ltr'>procurator,</span> <span class='ocrx_word' id='word_1_39' title='bbox 425 696 738 750; x_wconf 80' lang='lat' dir='ltr'>respondendo</span> <span class='ocrx_word' id='word_1_40' title='bbox 792 697 970 749; x_wconf 62' lang='lat' dir='ltr'>negavit</span> <span class='ocrx_word' id='word_1_41' title='bbox 1015 695 1388 737; x_wconf 79' lang='lat' dir='ltr'>consuetudinem</span> <span class='ocrx_word' id='word_1_42' title='bbox 1433 694 1663 749; x_wconf 83' lang='lat' dir='ltr'>antiquam</span> 
     </span>
     <span class='ocr_line' id='line_1_7' title="bbox 116 766 1208 822; baseline -0.003 -12"><span class='ocrx_word' id='word_1_43' title='bbox 116 780 198 822; x_wconf 90' lang='lat' dir='ltr'>per</span> <span class='ocrx_word' id='word_1_44' title='bbox 216 767 386 810; x_wconf 82' lang='lat' dir='ltr'>dictum</span> <span class='ocrx_word' id='word_1_45' title='bbox 407 766 592 809; x_wconf 90' lang='lat' dir='ltr'>dominu</span> <span class='ocrx_word' id='word_1_46' title='bbox 602 779 641 808; x_wconf 89' lang='lat' dir='ltr'>m</span> <span class='ocrx_word' id='word_1_47' title='bbox 671 767 930 822; x_wconf 81' lang='lat' dir='ltr'>episcopum</span> <span class='ocrx_word' id='word_1_48' title='bbox 954 768 1208 818; x_wconf 66' lang='lat' dir='ltr'>allegatam:</span> 
     </span>
    </p>

    <p class='ocr_par' dir='ltr' id='par_1_4' title="bbox 117 836 1666 965">
     <span class='ocr_line' id='line_1_8' title="bbox 175 836 1666 893; baseline -0.002 -13"><span class='ocrx_word' id='word_1_49' title='bbox 175 838 336 881; x_wconf 83' lang='lat' dir='ltr'>Dicens</span> <span class='ocrx_word' id='word_1_50' title='bbox 362 837 547 892; x_wconf 86' lang='lat' dir='ltr'>insuper</span> <span class='ocrx_word' id='word_1_51' title='bbox 589 838 872 880; x_wconf 85' lang='lat' dir='ltr'>remitiouem</span> <span class='ocrx_word' id='word_1_52' title='bbox 904 841 1088 893; x_wconf 86' lang='lat' dir='ltr'>petitam</span> <span class='ocrx_word' id='word_1_53' title='bbox 1118 852 1196 892; x_wconf 87' lang='lat' dir='ltr'>per</span> <span class='ocrx_word' id='word_1_54' title='bbox 1223 837 1390 878; x_wconf 84' lang='lat' dir='ltr'>dietum</span> <span class='ocrx_word' id='word_1_55' title='bbox 1431 836 1666 878; x_wconf 88' lang='lat' dir='ltr'>dominum</span> 
     </span>
     <span class='ocr_line' id='line_1_9' title="bbox 117 908 1607 965; baseline -0.003 -12"><span class='ocrx_word' id='word_1_56' title='bbox 117 909 379 965; x_wconf 83' lang='lat' dir='ltr'>episcopum</span> <span class='ocrx_word' id='word_1_57' title='bbox 408 908 506 951; x_wconf 77' lang='lat' dir='ltr'>fieri</span> <span class='ocrx_word' id='word_1_58' title='bbox 534 922 622 950; x_wconf 90' lang='lat' dir='ltr'>nou</span> <span class='ocrx_word' id='word_1_59' title='bbox 650 909 829 951; x_wconf 81' lang='lat' dir='ltr'>debere:</span> <span class='ocrx_word' id='word_1_60' title='bbox 1603 917 1607 922; x_wconf 90' lang='grc'>’</span> 
     </span>
    </p>

    <p class='ocr_par' dir='ltr' id='par_1_5' title="bbox 115 978 1668 1318">
     <span class='ocr_line' id='line_1_10' title="bbox 174 978 1668 1035; baseline -0.002 -12"><span class='ocrx_word' id='word_1_61' title='bbox 174 980 357 1024; x_wconf 81' lang='lat' dir='ltr'>Addens</span> <span class='ocrx_word' id='word_1_62' title='bbox 384 980 503 1035; x_wconf 84' lang='lat' dir='ltr'>quod</span> <span class='ocrx_word' id='word_1_63' title='bbox 545 980 581 1021; x_wconf 92' lang='lat' dir='ltr'>si</span> <span class='ocrx_word' id='word_1_64' title='bbox 610 980 892 1035; x_wconf 65' lang='lat' dir='ltr'>repperiatur</span> <span class='ocrx_word' id='word_1_65' title='bbox 939 994 1014 1034; x_wconf 85' lang='lat' dir='ltr'>per</span> <span class='ocrx_word' id='word_1_66' title='bbox 1041 980 1208 1021; x_wconf 93' lang='lat' dir='ltr'>dictum</span> <span class='ocrx_word' id='word_1_67' title='bbox 1237 979 1470 1020; x_wconf 89' lang='lat' dir='ltr'>dominum</span> <span class='ocrx_word' id='word_1_68' title='bbox 1499 978 1668 1033; x_wconf 82' lang='lat' dir='ltr'>episco-</span> 
     </span>
     <span class='ocr_line' id='line_1_11' title="bbox 117 1050 1667 1106; baseline -0.001 -14"><span class='ocrx_word' id='word_1_69' title='bbox 117 1064 225 1106; x_wconf 89' lang='lat' dir='ltr'>pum</span> <span class='ocrx_word' id='word_1_70' title='bbox 247 1050 316 1093; x_wconf 85' lang='lat' dir='ltr'>vel</span> <span class='ocrx_word' id='word_1_71' title='bbox 350 1050 522 1106; x_wconf 76' lang='lat' dir='ltr'>jndices</span> <span class='ocrx_word' id='word_1_72' title='bbox 550 1064 655 1091; x_wconf 81' lang='lat' dir='ltr'>suos</span> <span class='ocrx_word' id='word_1_73' title='bbox 683 1051 1038 1105; x_wconf 85' lang='lat' dir='ltr'>appellatiomuu</span> <span class='ocrx_word' id='word_1_74' title='bbox 1067 1050 1331 1102; x_wconf 60' lang='lat' dir='ltr'>regium-isse</span> <span class='ocrx_word' id='word_1_75' title='bbox 1362 1063 1438 1090; x_wconf 71' lang='lat' dir='ltr'>seu</span> <span class='ocrx_word' id='word_1_76' title='bbox 1482 1062 1667 1103; x_wconf 82' lang='lat' dir='ltr'>coguos-</span> 
     </span>
     <span class='ocr_line' id='line_1_12' title="bbox 115 1120 1666 1178; baseline -0.002 -14"><span class='ocrx_word' id='word_1_77' title='bbox 115 1135 213 1164; x_wconf 86' lang='lat' dir='ltr'>cere</span> <span class='ocrx_word' id='word_1_78' title='bbox 240 1122 296 1163; x_wconf 87' lang='lat' dir='ltr'>de.</span> <span class='ocrx_word' id='word_1_79' title='bbox 323 1122 552 1178; x_wconf 76' lang='lat' dir='ltr'>aliquibus</span> <span class='ocrx_word' id='word_1_80' title='bbox 574 1122 973 1176; x_wconf 66' lang='lat' dir='ltr'>appellationibus,</span> <span class='ocrx_word' id='word_1_81' title='bbox 1007 1120 1284 1175; x_wconf 78' lang='lat' dir='ltr'>interpositis</span> <span class='ocrx_word' id='word_1_82' title='bbox 1313 1121 1369 1162; x_wconf 88' lang='lat' dir='ltr'>ab</span> <span class='ocrx_word' id='word_1_83' title='bbox 1396 1120 1666 1162; x_wconf 73' lang='lat' dir='ltr'>officialibus</span> 
     </span>
     <span class='ocr_line' id='line_1_13' title="bbox 117 1191 1665 1245; baseline -0.001 -11"><span class='ocrx_word' id='word_1_84' title='bbox 117 1192 276 1234; x_wconf 81' lang='lat' dir='ltr'>suiset</span> <span class='ocrx_word' id='word_1_85' title='bbox 303 1192 587 1234; x_wconf 88' lang='lat' dir='ltr'>subditorum</span> <span class='ocrx_word' id='word_1_86' title='bbox 630 1205 830 1233; x_wconf 88' lang='lat' dir='ltr'>snorum.</span> <span class='ocrx_word' id='word_1_87' title='bbox 859 1192 937 1232; x_wconf 76' lang='lat' dir='ltr'>bor</span> <span class='ocrx_word' id='word_1_88' title='bbox 981 1192 1076 1232; x_wconf 76' lang='lat' dir='ltr'>t&#39;erit</span> <span class='ocrx_word' id='word_1_89' title='bbox 1107 1204 1206 1232; x_wconf 76' lang='lat' dir='ltr'>eum</span> <span class='ocrx_word' id='word_1_90' title='bbox 1253 1191 1565 1245; x_wconf 71' lang='lat' dir='ltr'>appellabatur</span> <span class='ocrx_word' id='word_1_91' title='bbox 1609 1191 1665 1232; x_wconf 91' lang='lat' dir='ltr'>ad</span> 
     </span>
     <span class='ocr_line' id='line_1_14' title="bbox 116 1262 1449 1318; baseline -0.004 -12"><span class='ocrx_word' id='word_1_92' title='bbox 116 1277 236 1311; x_wconf 72' lang='lat' dir='ltr'>eum,</span> <span class='ocrx_word' id='word_1_93' title='bbox 268 1277 356 1306; x_wconf 89' lang='lat' dir='ltr'>non</span> <span class='ocrx_word' id='word_1_94' title='bbox 378 1277 479 1306; x_wconf 90' lang='lat' dir='ltr'>cum</span> <span class='ocrx_word' id='word_1_95' title='bbox 507 1264 821 1318; x_wconf 86' lang='lat' dir='ltr'>appellabatur</span> <span class='ocrx_word' id='word_1_96' title='bbox 847 1264 900 1304; x_wconf 85' lang='lat' dir='ltr'>ad</span> <span class='ocrx_word' id='word_1_97' title='bbox 930 1264 1098 1304; x_wconf 83' lang='lat' dir='ltr'>curiam</span> <span class='ocrx_word' id='word_1_98' title='bbox 1126 1262 1293 1303; x_wconf 85' lang='lat' dir='ltr'>domini</span> <span class='ocrx_word' id='word_1_99' title='bbox 1320 1262 1449 1314; x_wconf 62' lang='lat' dir='ltr'>regis.</span> 
     </span>
    </p>

    <p class='ocr_par' dir='ltr' id='par_1_6' title="bbox 114 1332 1664 1673">
     <span class='ocr_line' id='line_1_15' title="bbox 174 1332 1662 1389; baseline -0.002 -12"><span class='ocrx_word' id='word_1_100' title='bbox 174 1335 298 1378; x_wconf 84' lang='lat' dir='ltr'>Dicto</span> <span class='ocrx_word' id='word_1_101' title='bbox 324 1334 508 1376; x_wconf 90' lang='lat' dir='ltr'>domiuo</span> <span class='ocrx_word' id='word_1_102' title='bbox 536 1335 746 1389; x_wconf 84' lang='lat' dir='ltr'>episeopo</span> <span class='ocrx_word' id='word_1_103' title='bbox 774 1348 851 1374; x_wconf 79' lang='lat' dir='ltr'>seu</span> <span class='ocrx_word' id='word_1_104' title='bbox 893 1334 1074 1375; x_wconf 81' lang='lat' dir='ltr'>domiuo</span> <span class='ocrx_word' id='word_1_105' title='bbox 1102 1333 1369 1387; x_wconf 64' lang='lat' dir='ltr'>ltaymundo</span> <span class='ocrx_word' id='word_1_106' title='bbox 1396 1333 1449 1373; x_wconf 91' lang='lat' dir='ltr'>de</span> <span class='ocrx_word' id='word_1_107' title='bbox 1498 1332 1662 1386; x_wconf 73' lang='lat' dir='ltr'>l&#39;ojeto,</span> 
     </span>
     <span class='ocr_line' id='line_1_16' title="bbox 115 1402 1663 1460; baseline -0.003 -12"><span class='ocrx_word' id='word_1_108' title='bbox 115 1405 213 1460; x_wconf 85' lang='lat' dir='ltr'>ejus</span> <span class='ocrx_word' id='word_1_109' title='bbox 242 1408 541 1460; x_wconf 69' lang='lat' dir='ltr'>procuratore,</span> <span class='ocrx_word' id='word_1_110' title='bbox 573 1418 629 1447; x_wconf 79' lang='lat' dir='ltr'>ox</span> <span class='ocrx_word' id='word_1_111' title='bbox 668 1406 861 1447; x_wconf 70' lang='lat' dir='ltr'>adverse</span> <span class='ocrx_word' id='word_1_112' title='bbox 891 1405 1129 1459; x_wconf 78' lang='lat' dir='ltr'>replicante</span> <span class='ocrx_word' id='word_1_113' title='bbox 1156 1404 1292 1458; x_wconf 73' lang='lat' dir='ltr'>quod,</span> <span class='ocrx_word' id='word_1_114' title='bbox 1322 1402 1450 1458; x_wconf 80' lang='lat' dir='ltr'>juxta</span> <span class='ocrx_word' id='word_1_115' title='bbox 1494 1403 1663 1445; x_wconf 85' lang='lat' dir='ltr'>domini</span> 
     </span>
     <span class='ocr_line' id='line_1_17' title="bbox 114 1474 1662 1531; baseline -0.003 -12"><span class='ocrx_word' id='word_1_116' title='bbox 114 1477 232 1531; x_wconf 82' lang='lat' dir='ltr'>regis</span> <span class='ocrx_word' id='word_1_117' title='bbox 257 1476 582 1519; x_wconf 86' lang='lat' dir='ltr'>continentiam</span> <span class='ocrx_word' id='word_1_118' title='bbox 611 1477 878 1518; x_wconf 88' lang='lat' dir='ltr'>litterarum.</span> <span class='ocrx_word' id='word_1_119' title='bbox 918 1476 1197 1517; x_wconf 72' lang='lat' dir='ltr'>debebamus</span> <span class='ocrx_word' id='word_1_120' title='bbox 1225 1474 1307 1514; x_wconf 83' lang='lat' dir='ltr'>sibi</span> <span class='ocrx_word' id='word_1_121' title='bbox 1352 1474 1662 1516; x_wconf 86' lang='lat' dir='ltr'>remissionem</span> 
     </span>
     <span class='ocr_line' id='line_1_18' title="bbox 116 1545 1664 1603; baseline -0.003 -13"><span class='ocrx_word' id='word_1_122' title='bbox 116 1547 363 1603; x_wconf 70' lang='lat' dir='ltr'>predictam</span> <span class='ocrx_word' id='word_1_123' title='bbox 408 1547 566 1590; x_wconf 77' lang='lat' dir='ltr'>lacere.</span> <span class='ocrx_word' id='word_1_124' title='bbox 600 1547 715 1590; x_wconf 78' lang='lat' dir='ltr'>facta</span> <span class='ocrx_word' id='word_1_125' title='bbox 743 1547 870 1589; x_wconf 90' lang='lat' dir='ltr'>nobis</span> <span class='ocrx_word' id='word_1_126' title='bbox 900 1547 989 1588; x_wconf 86' lang='lat' dir='ltr'>t&#39;ide</span> <span class='ocrx_word' id='word_1_127' title='bbox 1018 1547 1071 1586; x_wconf 86' lang='lat' dir='ltr'>de</span> <span class='ocrx_word' id='word_1_128' title='bbox 1094 1545 1432 1592; x_wconf 72' lang='lat' dir='ltr'>consuetiuli1w‚</span> <span class='ocrx_word' id='word_1_129' title='bbox 1478 1545 1531 1585; x_wconf 89' lang='lat' dir='ltr'>de</span> <span class='ocrx_word' id='word_1_130' title='bbox 1577 1557 1664 1599; x_wconf 76' lang='lat' dir='ltr'>qua</span> 
     </span>
     <span class='ocr_line' id='line_1_19' title="bbox 114 1618 1102 1673; baseline -0.003 -13"><span class='ocrx_word' id='word_1_131' title='bbox 114 1619 159 1665; x_wconf 90' lang='lat' dir='ltr'>in</span> <span class='ocrx_word' id='word_1_132' title='bbox 175 1618 308 1661; x_wconf 83' lang='lat' dir='ltr'>dictis</span> <span class='ocrx_word' id='word_1_133' title='bbox 323 1618 484 1662; x_wconf 80' lang='lat' dir='ltr'>litteris</span> <span class='ocrx_word' id='word_1_134' title='bbox 499 1618 632 1673; x_wconf 80' lang='lat' dir='ltr'>regiis</span> <span class='ocrx_word' id='word_1_135' title='bbox 653 1619 819 1661; x_wconf 84' lang='lat' dir='ltr'>mentio</span> <span class='ocrx_word' id='word_1_136' title='bbox 840 1618 1102 1660; x_wconf 87' lang='lat' dir='ltr'>habebatur.</span> 
     </span>
    </p>
   </div>
   <div class='ocr_carea' id='block_1_3' title="bbox 112 1758 1665 2230">
    <p class='ocr_par' dir='ltr' id='par_1_7' title="bbox 112 1758 1665 2230">
     <span class='ocr_line' id='line_1_20' title="bbox 172 1758 1664 1816; baseline -0.001 -14"><span class='ocrx_word' id='word_1_137' title='bbox 172 1760 373 1804; x_wconf 79' lang='lat' dir='ltr'>Tandem</span> <span class='ocrx_word' id='word_1_138' title='bbox 394 1761 503 1804; x_wconf 80' lang='lat' dir='ltr'>visis</span> <span class='ocrx_word' id='word_1_139' title='bbox 542 1774 622 1816; x_wconf 89' lang='lat' dir='ltr'>per</span> <span class='ocrx_word' id='word_1_140' title='bbox 662 1775 741 1803; x_wconf 86' lang='lat' dir='ltr'>uos</span> <span class='ocrx_word' id='word_1_141' title='bbox 782 1761 949 1801; x_wconf 87' lang='lat' dir='ltr'>dictum</span> <span class='ocrx_word' id='word_1_142' title='bbox 987 1759 1282 1801; x_wconf 70' lang='lat' dir='ltr'>senescallum</span> <span class='ocrx_word' id='word_1_143' title='bbox 1307 1762 1347 1799; x_wconf 88' lang='lat' dir='ltr'>et</span> <span class='ocrx_word' id='word_1_144' title='bbox 1393 1758 1664 1800; x_wconf 80' lang='lat' dir='ltr'>examinatis</span> 
     </span>
     <span class='ocr_line' id='line_1_21' title="bbox 114 1828 1665 1886; baseline -0.003 -13"><span class='ocrx_word' id='word_1_145' title='bbox 114 1831 355 1886; x_wconf 77' lang='lat' dir='ltr'>diligenter</span> <span class='ocrx_word' id='word_1_146' title='bbox 375 1832 760 1875; x_wconf 75' lang='lat' dir='ltr'>attestationibus.</span> <span class='ocrx_word' id='word_1_147' title='bbox 791 1831 1038 1873; x_wconf 68' lang='lat' dir='ltr'>cartulariis</span> <span class='ocrx_word' id='word_1_148' title='bbox 1055 1844 1132 1871; x_wconf 83' lang='lat' dir='ltr'>sue</span> <span class='ocrx_word' id='word_1_149' title='bbox 1160 1829 1278 1870; x_wconf 70' lang='lat' dir='ltr'>curie</span> <span class='ocrx_word' id='word_1_150' title='bbox 1302 1832 1342 1870; x_wconf 89' lang='lat' dir='ltr'>et</span> <span class='ocrx_word' id='word_1_151' title='bbox 1365 1828 1665 1870; x_wconf 82' lang='lat' dir='ltr'>aliisiustrue-</span> 
     </span>
     <span class='ocr_line' id='line_1_22' title="bbox 117 1899 1662 1958; baseline -0.004 -14"><span class='ocrx_word' id='word_1_152' title='bbox 117 1902 329 1951; x_wconf 77' lang='lat' dir='ltr'>tionibus,</span> <span class='ocrx_word' id='word_1_153' title='bbox 378 1916 458 1958; x_wconf 86' lang='lat' dir='ltr'>pro</span> <span class='ocrx_word' id='word_1_154' title='bbox 509 1906 633 1958; x_wconf 87' lang='lat' dir='ltr'>parte</span> <span class='ocrx_word' id='word_1_155' title='bbox 686 1903 789 1945; x_wconf 86' lang='lat' dir='ltr'>dicti</span> <span class='ocrx_word' id='word_1_156' title='bbox 842 1901 1010 1944; x_wconf 89' lang='lat' dir='ltr'>domiui</span> <span class='ocrx_word' id='word_1_157' title='bbox 1052 1900 1262 1955; x_wconf 73' lang='lat' dir='ltr'>episcopi,</span> <span class='ocrx_word' id='word_1_158' title='bbox 1297 1902 1500 1954; x_wconf 74' lang='lat' dir='ltr'>presente</span> <span class='ocrx_word' id='word_1_159' title='bbox 1546 1899 1662 1941; x_wconf 85' lang='lat' dir='ltr'>dicto</span> 
     </span>
     <span class='ocr_line' id='line_1_23' title="bbox 113 1970 1660 2029; baseline -0.003 -14"><span class='ocrx_word' id='word_1_160' title='bbox 113 1976 397 2028; x_wconf 82' lang='lat' dir='ltr'>procuratore</span> <span class='ocrx_word' id='word_1_161' title='bbox 439 1974 574 2029; x_wconf 81' lang='lat' dir='ltr'>regio,</span> <span class='ocrx_word' id='word_1_162' title='bbox 617 1988 766 2016; x_wconf 84' lang='lat' dir='ltr'>coram</span> <span class='ocrx_word' id='word_1_163' title='bbox 797 1973 924 2015; x_wconf 89' lang='lat' dir='ltr'>nobis</span> <span class='ocrx_word' id='word_1_164' title='bbox 962 1972 1202 2026; x_wconf 83' lang='lat' dir='ltr'>productis.</span> <span class='ocrx_word' id='word_1_165' title='bbox 1252 1984 1422 2012; x_wconf 80' lang='lat' dir='ltr'>necnon</span> <span class='ocrx_word' id='word_1_166' title='bbox 1463 1970 1660 2024; x_wconf 79' lang='lat' dir='ltr'>quadam</span> 
     </span>
     <span class='ocr_line' id='line_1_24' title="bbox 114 2041 1658 2096; baseline -0.003 -11"><span class='ocrx_word' id='word_1_167' title='bbox 114 2044 337 2087; x_wconf 85' lang='lat' dir='ltr'>sententia</span> <span class='ocrx_word' id='word_1_168' title='bbox 365 2045 526 2088; x_wconf 87' lang='lat' dir='ltr'>nobilis</span> <span class='ocrx_word' id='word_1_169' title='bbox 560 2045 641 2086; x_wconf 81' lang='lat' dir='ltr'>viri</span> <span class='ocrx_word' id='word_1_170' title='bbox 670 2045 838 2086; x_wconf 87' lang='lat' dir='ltr'>domini</span> <span class='ocrx_word' id='word_1_171' title='bbox 881 2043 1097 2085; x_wconf 65' lang='lat' dir='ltr'>joliannis</span> <span class='ocrx_word' id='word_1_172' title='bbox 1119 2043 1172 2082; x_wconf 91' lang='lat' dir='ltr'>de</span> <span class='ocrx_word' id='word_1_173' title='bbox 1202 2042 1449 2096; x_wconf 58' lang='lat' dir='ltr'>Arreblayo</span> <span class='ocrx_word' id='word_1_174' title='bbox 1490 2041 1658 2085; x_wconf 88' lang='lat' dir='ltr'>militis,</span> 
     </span>
     <span class='ocr_line' id='line_1_25' title="bbox 112 2111 1661 2168; baseline -0.003 -11"><span class='ocrx_word' id='word_1_175' title='bbox 112 2116 346 2158; x_wconf 75' lang='lat' dir='ltr'>senescalli</span> <span class='ocrx_word' id='word_1_176' title='bbox 375 2116 605 2158; x_wconf 84' lang='lat' dir='ltr'>Bellicadri</span> <span class='ocrx_word' id='word_1_177' title='bbox 637 2120 679 2158; x_wconf 86' lang='lat' dir='ltr'>et</span> <span class='ocrx_word' id='word_1_178' title='bbox 724 2115 931 2158; x_wconf 74' lang='lat' dir='ltr'>Nemausi</span> <span class='ocrx_word' id='word_1_179' title='bbox 978 2113 1303 2168; x_wconf 68' lang='lat' dir='ltr'>predecessoris</span> <span class='ocrx_word' id='word_1_180' title='bbox 1335 2112 1487 2153; x_wconf 82' lang='lat' dir='ltr'>nostri.</span> <span class='ocrx_word' id='word_1_181' title='bbox 1536 2111 1661 2165; x_wconf 80' lang='lat' dir='ltr'>eujus</span> 
     </span>
     <span class='ocr_line' id='line_1_26' title="bbox 117 2186 479 2230; baseline 0 -2"><span class='ocrx_word' id='word_1_182' title='bbox 117 2188 244 2229; x_wconf 85' lang='lat' dir='ltr'>tenor</span> <span class='ocrx_word' id='word_1_183' title='bbox 270 2186 371 2230; x_wconf 83' lang='lat' dir='ltr'>talis</span> <span class='ocrx_word' id='word_1_184' title='bbox 399 2190 479 2229; x_wconf 89' lang='lat' dir='ltr'>est:</span> 
     </span>
    </p>
   </div>
   <div class='ocr_carea' id='block_1_4' title="bbox 110 2324 1663 3023">
    <p class='ocr_par' dir='ltr' id='par_1_8' title="bbox 112 2324 1663 2525">
     <span class='ocr_line' id='line_1_27' title="bbox 171 2324 1663 2382; baseline -0.005 -11"><span class='ocrx_word' id='word_1_185' title='bbox 171 2329 274 2373; x_wconf 76' lang='lat' dir='ltr'>NOS,</span> <span class='ocrx_word' id='word_1_186' title='bbox 305 2329 536 2372; x_wconf 83' lang='lat' dir='ltr'>Johannes</span> <span class='ocrx_word' id='word_1_187' title='bbox 581 2330 635 2371; x_wconf 88' lang='lat' dir='ltr'>de</span> <span class='ocrx_word' id='word_1_188' title='bbox 664 2329 909 2382; x_wconf 62' lang='lat' dir='ltr'>Arreblayo</span> <span class='ocrx_word' id='word_1_189' title='bbox 934 2327 1061 2369; x_wconf 81' lang='lat' dir='ltr'>miles</span> <span class='ocrx_word' id='word_1_190' title='bbox 1088 2333 1190 2368; x_wconf 62' lang='lat' dir='ltr'>etta:</span> <span class='ocrx_word' id='word_1_191' title='bbox 1238 2325 1333 2365; x_wconf 71' lang='lat' dir='ltr'>noir</span> <span class='ocrx_word' id='word_1_192' title='bbox 1353 2340 1398 2382; x_wconf 75' lang='lat' dir='ltr'>p,</span> <span class='ocrx_word' id='word_1_193' title='bbox 1423 2326 1535 2369; x_wconf 71' lang='lat'>922,</span> <span class='ocrx_word' id='word_1_194' title='bbox 1594 2324 1663 2364; x_wconf 56' lang='lat'>17⁸</span> 
     </span>
     <span class='ocr_line' id='line_1_28' title="bbox 113 2395 1661 2458; baseline -0.002 -18"><span class='ocrx_word' id='word_1_195' title='bbox 113 2397 454 2458; x_wconf 69' lang='lat' dir='ltr'>liqne,jzcsqzc&#39;r&#39;c</span> <span class='ocrx_word' id='word_1_196' title='bbox 481 2415 526 2457; x_wconf 77' lang='grc' dir='ltr'>ρ.</span> <span class='ocrx_word' id='word_1_197' title='bbox 548 2401 753 2447; x_wconf 64' lang='lat' dir='ltr'>{12-3,2-i··</span> <span class='ocrx_word' id='word_1_198' title='bbox 779 2399 901 2454; x_wconf 60' lang='lat' dir='ltr'>liqna</span> <span class='ocrx_word' id='word_1_199' title='bbox 928 2412 1063 2452; x_wconf 85' lang='lat' dir='ltr'>super</span> <span class='ocrx_word' id='word_1_200' title='bbox 1080 2396 1312 2452; x_wconf 79' lang='lat' dir='ltr'>premissis</span> <span class='ocrx_word' id='word_1_201' title='bbox 1342 2396 1414 2438; x_wconf 72' lang='lat' dir='ltr'>via</span> <span class='ocrx_word' id='word_1_202' title='bbox 1435 2395 1661 2438; x_wconf 85' lang='lat' dir='ltr'>ordinaria</span> 
     </span>
     <span class='ocr_line' id='line_1_29' title="bbox 112 2464 325 2525; baseline 0.005 -13"><span class='ocrx_word' id='word_1_203' title='bbox 112 2464 325 2525; x_wconf 81' lang='lat' dir='ltr'>experiri.</span> 
     </span>
    </p>

    <p class='ocr_par' dir='ltr' id='par_1_9' title="bbox 111 2537 1662 2881">
     <span class='ocr_line' id='line_1_30' title="bbox 175 2537 1662 2598; baseline -0.004 -15"><span class='ocrx_word' id='word_1_204' title='bbox 175 2542 356 2590; x_wconf 81' lang='lat' dir='ltr'>Damus,</span> <span class='ocrx_word' id='word_1_205' title='bbox 390 2545 540 2585; x_wconf 85' lang='lat' dir='ltr'>tenore</span> <span class='ocrx_word' id='word_1_206' title='bbox 578 2542 869 2598; x_wconf 81' lang='lat' dir='ltr'>presentium.</span> <span class='ocrx_word' id='word_1_207' title='bbox 903 2541 944 2581; x_wconf 91' lang='lat' dir='ltr'>in</span> <span class='ocrx_word' id='word_1_208' title='bbox 975 2539 1197 2581; x_wconf 85' lang='lat' dir='ltr'>mandatis</span> <span class='ocrx_word' id='word_1_209' title='bbox 1223 2538 1432 2580; x_wconf 85' lang='lat' dir='ltr'>omuibus</span> <span class='ocrx_word' id='word_1_210' title='bbox 1459 2537 1662 2580; x_wconf 79' lang='lat' dir='ltr'>ol&#39;l&#39;iciali-</span> 
     </span>
     <span class='ocr_line' id='line_1_31' title="bbox 118 2608 1662 2667; baseline -0.003 -14"><span class='ocrx_word' id='word_1_211' title='bbox 118 2613 200 2654; x_wconf 89' lang='lat' dir='ltr'>bus</span> <span class='ocrx_word' id='word_1_212' title='bbox 228 2613 361 2667; x_wconf 82' lang='lat' dir='ltr'>regiis</span> <span class='ocrx_word' id='word_1_213' title='bbox 389 2614 650 2656; x_wconf 82' lang='lat' dir='ltr'>senescallie</span> <span class='ocrx_word' id='word_1_214' title='bbox 681 2616 828 2654; x_wconf 76' lang='lat' dir='ltr'>nostre</span> <span class='ocrx_word' id='word_1_215' title='bbox 858 2611 1068 2666; x_wconf 76' lang='lat' dir='ltr'>predicte,</span> <span class='ocrx_word' id='word_1_216' title='bbox 1099 2610 1154 2652; x_wconf 92' lang='lat' dir='ltr'>ad</span> <span class='ocrx_word' id='word_1_217' title='bbox 1183 2623 1296 2664; x_wconf 80' lang='lat' dir='ltr'>quos</span> <span class='ocrx_word' id='word_1_218' title='bbox 1327 2611 1556 2663; x_wconf 74' lang='lat' dir='ltr'>presentes</span> <span class='ocrx_word' id='word_1_219' title='bbox 1596 2608 1662 2649; x_wconf 89' lang='lat' dir='ltr'>lit-</span> 
     </span>
     <span class='ocr_line' id='line_1_32' title="bbox 114 2679 1658 2739; baseline -0.004 -14"><span class='ocrx_word' id='word_1_220' title='bbox 114 2685 204 2726; x_wconf 86' lang='lat' dir='ltr'>tere</span> <span class='ocrx_word' id='word_1_221' title='bbox 234 2685 536 2738; x_wconf 77' lang='lat' dir='ltr'>pervenerint,</span> <span class='ocrx_word' id='word_1_222' title='bbox 573 2689 618 2727; x_wconf 91' lang='lat' dir='ltr'>ut</span> <span class='ocrx_word' id='word_1_223' title='bbox 649 2684 871 2739; x_wconf 84' lang='lat' dir='ltr'>pret&#39;aluiu</span> <span class='ocrx_word' id='word_1_224' title='bbox 901 2681 1163 2736; x_wconf 81' lang='lat' dir='ltr'>episcopum</span> <span class='ocrx_word' id='word_1_225' title='bbox 1192 2683 1235 2721; x_wconf 88' lang='lat' dir='ltr'>et</span> <span class='ocrx_word' id='word_1_226' title='bbox 1265 2679 1503 2722; x_wconf 78' lang='lat' dir='ltr'>Ecclesiam</span> <span class='ocrx_word' id='word_1_227' title='bbox 1532 2692 1658 2721; x_wconf 88' lang='lat' dir='ltr'>suam</span> 
     </span>
     <span class='ocr_line' id='line_1_33' title="bbox 113 2751 1662 2809; baseline -0.003 -13"><span class='ocrx_word' id='word_1_228' title='bbox 113 2754 482 2808; x_wconf 70' lang='lat' dir='ltr'>Magalonensem</span> <span class='ocrx_word' id='word_1_229' title='bbox 512 2770 596 2798; x_wconf 86' lang='lat' dir='ltr'>uon</span> <span class='ocrx_word' id='word_1_230' title='bbox 648 2754 897 2809; x_wconf 77' lang='lat' dir='ltr'>impediant</span> <span class='ocrx_word' id='word_1_231' title='bbox 926 2766 1005 2794; x_wconf 83' lang='lat' dir='ltr'>nec</span> <span class='ocrx_word' id='word_1_232' title='bbox 1034 2751 1296 2806; x_wconf 82' lang='lat' dir='ltr'>perturbent</span> <span class='ocrx_word' id='word_1_233' title='bbox 1323 2763 1460 2806; x_wconf 87' lang='lat' dir='ltr'>super</span> <span class='ocrx_word' id='word_1_234' title='bbox 1488 2764 1662 2804; x_wconf 82' lang='lat' dir='ltr'>posses-</span> 
     </span>
     <span class='ocr_line' id='line_1_34' title="bbox 111 2823 806 2881; baseline -0.001 -15"><span class='ocrx_word' id='word_1_235' title='bbox 111 2823 236 2867; x_wconf 88' lang='lat' dir='ltr'>sione</span> <span class='ocrx_word' id='word_1_236' title='bbox 262 2839 341 2868; x_wconf 85' lang='lat' dir='ltr'>seu</span> <span class='ocrx_word' id='word_1_237' title='bbox 370 2826 552 2881; x_wconf 67' lang='lat' dir='ltr'>saysiua</span> <span class='ocrx_word' id='word_1_238' title='bbox 582 2825 806 2881; x_wconf 76' lang='lat' dir='ltr'>predictis.</span> 
     </span>
    </p>

    <p class='ocr_par' dir='ltr' id='par_1_10' title="bbox 110 2891 1662 3023">
     <span class='ocr_line' id='line_1_35' title="bbox 173 2891 1662 2950; baseline -0.004 -13"><span class='ocrx_word' id='word_1_239' title='bbox 173 2895 224 2945; x_wconf 79' lang='lat' dir='ltr'>Et</span> <span class='ocrx_word' id='word_1_240' title='bbox 266 2895 313 2938; x_wconf 90' lang='lat' dir='ltr'>in</span> <span class='ocrx_word' id='word_1_241' title='bbox 354 2897 663 2940; x_wconf 81' lang='lat' dir='ltr'>testimonium</span> <span class='ocrx_word' id='word_1_242' title='bbox 711 2894 1032 2950; x_wconf 77' lang='lat' dir='ltr'>p1·‹.·111issoruin</span> <span class='ocrx_word' id='word_1_243' title='bbox 1081 2895 1333 2934; x_wconf 86' lang='lat' dir='ltr'>nostrerum</span> <span class='ocrx_word' id='word_1_244' title='bbox 1380 2891 1662 2946; x_wconf 77' lang='lat' dir='ltr'>presentibus</span> 
     </span>
     <span class='ocr_line' id='line_1_36' title="bbox 110 2966 912 3023; baseline -0.005 -13"><span class='ocrx_word' id='word_1_245' title='bbox 110 2966 272 3016; x_wconf 82' lang='lat' dir='ltr'>litteris</span> <span class='ocrx_word' id='word_1_246' title='bbox 293 2967 483 3010; x_wconf 78' lang='lat' dir='ltr'>fecimus</span> <span class='ocrx_word' id='word_1_247' title='bbox 509 2968 675 3023; x_wconf 86' lang='lat' dir='ltr'>apponi</span> <span class='ocrx_word' id='word_1_248' title='bbox 702 2966 912 3021; x_wconf 76' lang='lat' dir='ltr'>sigillum.</span> 
     </span>
    </p>
   </div>
  </div>
 </body>
</html>
