2205 3299
1196 73 1432 116 -40‘4-

540 186 724 228 Camere
755 186 856 227 dicti
901 188 1019 241 Pape
1050 187 1121 228 vel
1151 188 1405 242 Apostolice
1435 188 1539 230 Sedi
1568 190 1758 229 tenetur.

598 258 786 312 Propter
806 271 917 312 quas
941 257 1209 299 solutionem
1237 258 1380 313 ipsius
1405 258 1577 300 domini
1605 257 1799 313 episcopi
1823 260 1867 299 et
1886 259 2087 299 nostram

539 328 582 368 iu
611 328 691 369 hac
720 331 843 382 parte
872 328 1188 382 quitacionem.
1221 332 1264 370 et
1290 329 1336 371 in
1363 329 1575 384 predictis
1596 328 1930 373 liberacionem
1956 327 2089 370 ratio-

538 412 591 440 ne
623 399 906 440 marcharum
944 400 1113 449 argenti
1154 401 1314 453 quovis
1370 401 1501 441 modo
1531 401 1597 441 vel
1629 399 1959 450 sterlingorum.
2009 412 2085 441 seu

537 469 722 512 alterius
766 476 942 512 monete
973 471 1149 513 numeri
1179 486 1256 526 pro
1310 472 1534 527 preterito,
1593 471 1786 526 presenti
1818 470 1886 510 vel
1942 470 2088 512 tuturo

536 545 753 594 tempore.
789 542 960 583 nullum
993 542 1102 596 ipsis
1149 542 1334 585 Camere
1363 544 1535 585 domini
1562 545 1682 596 Pape
1711 542 1783 583 vel
1833 541 2088 595 Apostolice¹

538 611 658 655 sedi.
690 612 801 653 circa
833 613 1031 666 predicta
1060 613 1131 655 vel
1178 614 1411 669 quodlibet
1440 614 1758 669 predictorum.
1791 611 2087 667 prejudicium

533 686 786 733 generetur.
816 697 895 725 nec
917 685 1132 738 temporis
1154 685 1420 740 prescriptio
1441 698 1619 727 currere
1641 684 1790 726 valeat
1810 696 1889 724 nec
1910 683 2084 728 obesse.

593 754 640 794 In
668 754 795 808 cujus
835 755 899 797 rei
927 755 1254 804 testimonium,
1287 759 1520 811 presentes
1564 756 1751 797 litteras.
1783 754 1840 796 ad
1891 753 2087 796 futuram

539 825 802 867 memoriam
832 826 1082 881 publicatas
1110 840 1191 882 per
1227 840 1387 869 manus
1414 827 1614 869 Nicholai
1641 826 1767 868 Maza
1793 825 1837 867 in
1861 825 1986 880 pede,
2014 838 2090 866 no-

532 896 632 937 tarii
670 897 836 951 publici
864 901 908 940 et
934 911 1052 940 nunc
1078 898 1220 940 nostri
1247 896 1504 956 offic[iarlii,
1535 899 1682 941 eidem
1711 897 1895 938 domiuo
1922 896 2090 951 episco-

536 983 590 1022 po
618 968 834 1010 duximus
862 968 1092 1011 faciendas
1114 971 1265 1011 nostro
1293 969 1439 1027 sigillo
1468 969 1678 1011 munitas.

590 1041 754 1081 Actum
781 1040 900 1094 apud
930 1040 1445 1095 Montempessulanum,
1477 1041 1523 1082 in
1560 1040 1766 1096 hospicio
1793 1039 1962 1082 domini
1993 1052 2090 1094 pre-

533 1110 666 1168 positi
700 1111 1048 1165 Magalonensis,
1078 1110 1207 1166 juxta
1234 1111 1466 1155 ecclesiam
1497 1112 1645 1154 Sancti
1677 1111 1861 1154 Thome.
1904 1110 1948 1152 in
1999 1124 2089 1165 quo

529 1181 732 1236 hospicio
760 1181 905 1224 dictus
934 1182 1149 1224 dominus
1177 1183 1438 1238 Raynaldus
1479 1184 1753 1225 morabatur.
1803 1181 2089 1237 presentibus

529 1252 713 1295 domino
739 1253 941 1295 Johanne
969 1253 1024 1294 de
1059 1253 1339 1296 Montelauro
1389 1254 1717 1296 archidiacono
1744 1252 1903 1307 majori
1941 1252 1988 1294 in
2013 1252 2091 1295 Ec-

528 1324 665 1366 clesia
698 1324 1024 1378 Magalouensi,
1045 1324 1228 1367 domino
1255 1325 1510 1367 Raimundo
1539 1323 1962 1367 Fredolicanonico
1983 1324 2091 1366 Nar-

524 1395 731 1442 bonensi,
763 1394 946 1437 domino
990 1395 1237 1437 Bertrando
1264 1396 1433 1438 Mathei
1479 1396 1692 1439 canonico
1741 1395 1998 1438 Yivariensi
2047 1397 2091 1436 et,

528 1465 711 1509 officiali
737 1465 1063 1520 MagalonensL
1095 1467 1279 1509 domino
1305 1467 1507 1509 Johanne
1537 1466 1806 1509 Colomberii
1843 1469 2089 1508 mercatore

527 1537 940 1591 Montispessulani,
971 1537 1135 1579 Jacobo
1163 1537 1373 1591 Fagerini
1401 1540 1660 1580 mercatore
1688 1537 1742 1579 de
1770 1537 1980 1580 societate
2001 1537 2091 1578 Ab-

530 1609 688 1650 batum
715 1608 770 1649 de
796 1608 1043 1650 Florencia.
1076 1611 1119 1650 et
1160 1609 1366 1663 pluribus
1400 1609 1732 1655 aliistestibus,
1763 1608 1819 1651 ad
1845 1608 1931 1650 hoc
1961 1621 2091 1650 voca-

528 1679 585 1721 tis
607 1681 650 1721 et
676 1679 856 1734 rogatis,
887 1692 1006 1721 anno
1046 1679 1224 1721 Domini
1251 1679 1495 1722 millesimo
1537 1679 1845 1721 ducentesimo
1895 1691 2090 1734 nonage—

527 1749 657 1798 simo,
683 1749 754 1792 die
781 1750 942 1792 ultima,
963 1750 1132 1793 mensis
1155 1750 1308 1795 madii,
1334 1751 1468 1793 tercie
1504 1750 1776 1794 indictionis,
1803 1749 2090 1805 pontificatus

528 1821 701 1862 domini
729 1821 929 1863 Nicholai
957 1835 1073 1876 pape
1101 1821 1248 1877 quarti
1298 1835 1418 1864 anno
1474 1821 1624 1869 tercio,
1650 1824 1694 1863 et
1720 1835 1801 1876 ego
1851 1821 2091 1863 Nicholaus

527 1892 653 1933 Maza
678 1892 724 1933 in
751 1892 865 1946 pede
893 1892 949 1934 de
975 1892 1146 1940 Trebis,
1190 1892 1415 1948 imperiali
1455 1892 1719 1935 auctoritate
1746 1894 1790 1934 et
1815 1905 1934 1934 nunc
1982 1891 2089 1933 dicti

527 1963 712 2005 domino
739 1963 975 2018 Raynaldi,
1008 1963 1263 2018 Apostolice
1303 1964 1433 2006 Sedis
1473 1963 1640 2011 nuncii,
1672 1963 1886 2009 notarius,
1919 1962 2091 2018 predic-

524 2033 584 2076 tis
612 2033 827 2076 omnibus
854 2034 1038 2076 intertui
1065 2037 1110 2077 et
1136 2035 1192 2076 de
1222 2035 1440 2076 mandato
1469 2034 1570 2077 dicti
1616 2033 1817 2089 magistri
1867 2033 2089 2090 Rayualdi

526 2104 697 2159 scripsi.
729 2107 772 2146 et
798 2105 1025 2160 publicavi
1053 2108 1096 2147 et
1117 2105 1296 2160 signum
1327 2118 1476 2147 meum
1502 2105 1597 2148 teci.

1413 2248 1508 2286 (Rog.
1534 2248 1569 2278 Ε.
1593 2248 1650 2278 fol.
1674 2247 1734 2278 332
1758 2253 1815 2280 Ψ).
