2040 3404
714 371 999 415 ,—a23—

480 623 695 665 MLXXV.
730 648 781 652 —
810 622 866 664 10
894 622 1137 664 novembre
1166 620 1278 663 1298

147 765 580 802 Reconnaissanee
618 764 735 800 faite
756 764 785 799 a.
805 763 1020 808 l'eveque
1041 764 1099 799 de
1139 762 1433 809 Maguelone
1453 772 1544 808 par·
1581 762 1653 798 les

101 826 360 872 seigneux-S
382 823 441 859 de
461 823 510 859 la
530 823 744 859 vex-une.

159 970 290 1010 A-nno
316 966 495 1009 Domini
517 965 757 1007 millesimo
797 966 1106 1008 ducentesimo
1133 964 1427 1018 nonagesimo
1472 968 1648 1013 octavo,

102 1038 270 1081 scilieet
295 1037 386 1080 lllr·
427 1037 528 1079 idus
574 1036 849 1084 novembris,
874 1036 1058 1078 domino
1098 1036 1306 1091 Philippo
1334 1048 1436 1089 rege
1463 1036 1654 1078 Franco-

103 1122 203 1152 rum
230 1111 460 1164 regnante,
491 1121 541 1150 ac
563 1108 748 1150 domino
776 1108 820 1148 in
848 1108 1019 1150 Christo
1042 1110 1165 1162 patre
1194 1107 1377 1150 domiuo
1393 1107 1651 1156 Gaucelmo,

103 1180 182 1223 Dei
207 1179 352 1234 gratia
376 1179 683 1234 Magalonensi
711 1179 921 1233 episcopo
951 1178 1220 1233 presulantc.
1255 1181 1441 1220 noscant
1476 1191 1650 1227 omnes,

181 1251 303 1308 quod
332 1250 505 1292 nobiles
527 1249 611 1291 viri
640 1249 852 1291 dominus
884 1251 1038 1291 Petrus
1058 1248 1250 1291 Fredoli,
1278 1248 1398 1290 lilius
1426 1249 1653 1304 quondam

103 1321 274 1364 domini
289 1320 516 1364 Guillelmi
532 1320 705 1362 Fredoli
724 1320 869 1367 miles,
895 1320 1106 1362 dominus
1123 1319 1255 1362 castri
1271 1320 1326 1361 de
1345 1319 1559 1375 Veyruna
1577 1334 1655 1375 pro

103 1392 306 1441 dimidia;
335 1396 380 1435 et
429 1392 565 1434 etiam
616 1391 828 1434 dominus
856 1391 1123 1433 Guillelmus
1167 1391 1223 1432 de
1259 1390 1411 1438 piano,
1443 1391 1655 1433 dominus

104 1463 206 1506 dicti
223 1464 357 1506 castri
373 1463 428 1505 de
455 1463 680 1518 Veyruna,
703 1462 846 1510 miles,
880 1476 958 1516 pro
981 1464 1140 1517 quarta
1162 1453 1302 1516 part&
1324 1463 1366 1503 et
1383 1462 1650 1516 Rostagnus.

105 1534 225 1577 iilius
246 1535 476 1591 quondam
517 1533 730 1576 Bernardi
770 1533 824 1574 dc
854 1533 1078 1588 Velm-una,
1123 1532 1267 1580 miles,
1300 1532 1511 1574 dominus
1539 1532 1656 1587 ejus-

104 1606 207 1648 dem
235 1605 367 1648 castri
390 1619 470 1661 pro
491 1605 579 1647 alia
594 1607 753 1660 quarta
777 1607 914 1659 parte.
947 1607 1122 1659 sponte,
1142 1603 1388 1645 liberaliter
1408 1603 1656 1658 etbenignc

105 1679 460 1732 recognoverunt
480 1680 524 1718 et
550 1675 742 1717 confessi
774 1675 950 1717 luerunt
983 1675 1226 1716 reverendo
1256 1674 1368 1729 patri
1399 1674 1444 1715 in
1485 1674 1657 1717 Christo

105 1747 290 1791 domino
335 1747 593 1794 Gaucelmo,
627 1746 703 1788 Dei
742 1746 886 1801 gratia
931 1746 1237 1799 Magaloncnsi
1266 1745 1475 1800 episcopo
1521 1760 1656 1800 supra

107 1819 238 1866 dicto,
270 1832 316 1861 se
364 1821 514 1860 tenere
543 1831 621 1873 pro
651 1817 854 1873 partibus
894 1830 1030 1872 supra
1057 1816 1186 1857 dictis
1214 1820 1257 1858 et
1298 1819 1445 1858 tenere
1473 1816 1652 1858 debere.

106 1892 150 1933 et
199 1903 304 1933 suos
330 1893 636 1932 antecessores
685 1888 880 1930 tenuisse
909 1891 952 1929 ct
1005 1891 1151 1929 tenere
1198 1887 1425 1935 debuisse,
1468 1901 1493 1929 a
1538 1887 1655 1929 dicto

107 1961 291 2004 domino
318 1960 528 2016 episcopo
573 1963 617 2001 et
661 1959 754 2001 suis
782 1959 1142 2001 antecessoribus
1182 1959 1226 1999 in
1257 1957 1457 2005 feudum,
1489 1958 1657 2000 dictum

104 2034 300 2075 castrum
345 2030 483 2086 (dach.
516 2031 547 2074 3
573 2032 707 2084 cent.)
752 2030 1114 2084 contingentibus
1159 2042 1260 2070 cum
1307 2029 1519 2071 omnibus
1564 2029 1657 2071 suis

102 2103 277 2159 juribus
303 2106 348 2145 et
374 2102 675 2158 pertinentiis:

165 2174 384 2216 Videlicet
411 2173 556 2216 dictus
584 2173 796 2214 dominus
820 2173 974 2213 Petrus
1003 2171 1177 2213 Fredoli
1206 2171 1466 2226 recognovit
1492 2171 1657 2213 dictam

105 2245 341 2288 dimidiam
365 2247 537 2300 partem
566 2244 670 2286 dicti
693 2243 840 2290 castri,
871 2246 914 2284 et
934 2242 1196 2284 omnimode
1222 2241 1544 2297 jurisdictionis
1570 2242 1658 2284 alte

105 2319 149 2359 et
175 2317 322 2364 basse,
352 2316 525 2362 domos,
559 2318 717 2362 turres,
749 2318 791 2357 et
826 2313 1058 2359 fortalicia,
1091 2326 1283 2362 murres,
1338 2315 1381 2355 et
1407 2313 1656 2368 portalicia,

107 2389 150 2430 et
178 2387 410 2443 posterlas,
442 2389 485 2428 et
506 2386 746 2428 dimidiam
776 2388 948 2441 partem
977 2384 1214 2439 cujusdam
1245 2383 1378 2426 turris
1417 2387 1462 2426 et
1500 2384 1658 2427 domos

107 2458 366 2513 (zdomus)
393 2471 495 2500 cum
524 2470 605 2500 suo
633 2457 863 2502 viridario,
895 2468 1031 2510 quam
1059 2455 1204 2497 dictus
1247 2456 1501 2510 Rostaguus
1542 2458 1661 2497 tenet

109 2529 154 2571 in
183 2529 368 2571 feudum
413 2528 470 2571 ab
497 2528 656 2571 eodem
703 2527 887 2569 domino
915 2527 1044 2568 Petro
1072 2526 1263 2573 Fredoli,
1313 2529 1356 2568 et
1382 2526 1535 2568 omnia
1573 2526 1661 2569 alia

107 2612 392 2656 quecumque
432 2599 567 2642 habet
594 2599 739 2641 dictus
778 2597 989 2639 dominus
1036 2598 1193 2639 Petrus
1238 2597 1414 2639 Fredoli
1453 2596 1497 2638 in
1543 2597 1660 2639 dicto

108 2673 253 2713 castro
279 2673 324 2712 et
345 2675 545 2724 (zeum)
573 2670 786 2712 omnibus
812 2668 988 2724 juribus
1010 2670 1054 2709 et
1080 2667 1364 2723 pertinentiis
1392 2667 1499 2710 suis.

166 2741 278 2783 Item
307 2740 452 2783 dictus
479 2741 693 2783 dominus
720 2739 988 2782 Guillelmus
1015 2739 1070 2781 de
1106 2739 1244 2781 Piano
1271 2738 1416 2786 miles,
1448 2738 1659 2780 dominus

107 2811 239 2854 castri
255 2811 441 2872 predicti
457 2811 512 2853 de
532 2811 741 2868 Veyruua
763 2825 840 2866 pro
867 2812 1029 2865 quarta
1043 2812 1186 2865 parte,
1216 2824 1296 2866 pro
1318 2823 1365 2852 se
1387 2812 1431 2852 et
1445 2808 1660 2852 Michaele

110 2885 318 2938 presente
341 2886 386 2925 et
412 2882 735 2925 Raimundode
766 2881 902 2923 Piano
924 2880 1127 2929 absente,
1155 2880 1368 2924 fratribus
1391 2880 1499 2927 suis,
1531 2893 1661 2935 spon·

109 2955 167 3002 te,
191 2952 436 2996 liberaliter
462 2956 507 2995 et
529 2953 720 3007 benigne
746 2951 1001 3006 rec-ognovit
1022 2954 1067 2993 et
1081 2951 1316 2994 confessus
1345 2951 1428 2993 l'uit
1448 2964 1494 2993 se
1512 2953 1661 2992 tenere

111 3025 155 3065 et
182 3027 335 3066 tenere
358 3024 538 3071 debere,
571 3027 616 3067 et
657 3037 761 3065 suos
804 3023 1143 3078 predecessores
1170 3023 1366 3065 tenuisse
1394 3023 1451 3064 ab
1477 3021 1661 3075 antiquo
