2205 3299
1143 259 1191 264 —-
1221 233 1309 277 :37⁸2
1338 259 1388 264 -

485 345 591 389 dem
617 342 788 387 clericis
808 356 836 386 a
861 341 1123 385 consulibus
1144 353 1224 383 seu
1251 339 1352 383 aliis
1374 339 1473 383 vice
1495 350 1668 387 eorum.
1686 339 1899 393 pretextu
1925 337 2046 395 dicte

485 416 624 459 datite
652 427 732 458 seu
758 413 956 461 collecte.

543 486 597 528 Et
623 486 931 540 deposuerunt
956 496 1036 538 pro
1087 480 1315 537 predictis,
1345 485 1391 524 et
1439 493 1593 541 eorum
1620 480 1889 528 occasione,
1913 491 2044 523 sexa·-

485 557 611 613 ginta
636 555 805 598 solidos
833 552 1158 609 melgorienses
1184 551 1230 593 in
1258 564 1391 607 posse
1437 550 1611 594 domini
1661 549 1860 606 episcopi
1888 562 2044 609 supra·

485 626 607 675 dicti,
638 627 839 669 dicentes
865 624 987 681 quod
1015 623 1053 665 si
1080 622 1182 678 plus
1207 621 1392 670 habent,
1416 621 1530 664 illud
1558 621 1658 677 plus
1691 620 1932 664 restituent
1957 620 2039 677 eis.

543 768 626 819 Qui
653 767 880 823 siquidem
907 766 1053 808 dictus
1079 763 1293 806 dominus
1320 763 1550 819 epicopus,
1580 762 1820 806 attendens
1872 762 2046 819 suppli·
2091 801 2107 808 .,

484 839 710 883 cationem
737 840 781 880 et
807 835 1157 892 postulationem
1202 834 1424 877 dictorum
1469 834 1706 877 consulum
1757 833 1850 876 fore
1875 832 2045 888 justam

484 913 529 953 et
556 910 908 953 consentaneam
955 905 1159 963 equitati.
1191 905 1315 961 ipsos
1365 904 1574 947 consules
1601 917 1628 946 a
1652 904 1770 946 dicte
1820 904 2044 961 sententie

483 977 965 1024 excommunicationis
991 976 1174 1019 vinculo
1201 977 1244 1018 et
1270 975 1407 1018 etiam
1434 975 1492 1017 ab
1518 974 1644 1017 omni
1670 974 1760 1017 alia
1780 962 2044 1018 excommu-

479 1050 719 1094 nicationis
747 1048 986 1096 sententia‚
1018 1047 1056 1090 si
1078 1047 1133 1089 de
1159 1048 1257 1102 jure
1278 1045 1404 1100 ligati
1450 1047 1578 1088 erant
1604 1059 1686 1101 pro
1713 1044 1942 1100 predictis.
1966 1045 2045 1088 ab-
2100 1090 2101 1093 ,

487 1122 639 1169 solvit,
664 1120 853 1177 prestito
880 1123 1033 1162 tamen
1062 1117 1187 1174 prius
1213 1116 1272 1159 ab
1291 1115 1403 1172 ipsis
1425 1115 1688 1158 consulibus
1706 1115 1963 1171 juramento
1987 1117 2044 1159 de

482 1192 682 1248 parendo
710 1190 936 1237 mandatis
964 1187 1173 1231 Ecclesie.

542 1264 594 1305 Et
621 1260 822 1318 precepit
846 1260 969 1302 idem
997 1258 1210 1300 dominus
1243 1257 1482 1313 episcopus
1524 1257 1738 1312 predictis
1762 1257 2040 1308 consulibus.

482 1333 604 1390 quod
631 1332 669 1375 si
697 1331 804 1374 dicti
830 1330 1038 1373 consules
1064 1328 1136 1384 jus
1163 1328 1344 1385 aliquod
1374 1328 1420 1369 in
1448 1326 1664 1383 predictis
1691 1329 1857 1372 habere
1883 1329 2038 1372 crede-

482 1406 592 1448 bant
619 1407 697 1447 aut
716 1403 782 1446 eis
823 1413 1033 1444 exercere
1060 1401 1208 1447 licere,
1238 1399 1363 1441 idem
1407 1398 1630 1458 pre[fi]xit
1679 1399 1779 1442 fieri
1829 1399 2043 1444 dominus

483 1460 722 1532 episcopus
750 1472 964 1529 predictis
991 1470 1253 1513 consulibus
1279 1470 1383 1512 hinc
1409 1470 1467 1512 ad
1494 1469 1662 1513 festum
1711 1470 2044 1515 Purificationis

485 1547 620 1590 Beate
648 1544 787 1588 Marie
838 1542 1039 1597 Virginis
1067 1541 1276 1597 proxime
1303 1543 1564 1588 venturum:
1619 1540 1737 1584 inira
1785 1541 1908 1598 quod
1957 1541 2046 1597 ipsi

482 1617 691 1661 consules
736 1611 981 1657 ostendant
1006 1615 1050 1654 et
1087 1611 1383 1653 manifestent
1431 1611 1515 1666 ipsi
1540 1611 1724 1655 domino
1745 1612 1974 1668 episcopo,
2005 1613 2044 1655 si

483 1690 540 1731 de
566 1688 663 1744 jure
690 1689 768 1730 aut
794 1699 879 1728 usu
905 1683 1111 1738 longevis
1133 1682 1415 1738 temporibus
1443 1683 1685 1725 observato
1707 1683 1908 1738 predicta
1929 1683 2045 1727 face·
2066 1685 2071 1691 ‘

482 1773 530 1802 re
552 1761 761 1824 poterant
786 1759 864 1800 aut
890 1755 1132 1798 debebant.

542 1904 604 1945 De
631 1914 722 1958 quo
747 1900 933 1957 quidem
964 1900 1173 1954 precepto
1201 1890 1282 1939 seu
1306 1896 1534 1952 predictis,
1566 1896 1715 1938 dando
1749 1910 1829 1939 seu
1880 1896 2044 1940 dandis

483 1974 658 2017 eisdem
684 1971 946 2015 consulibus
974 1983 1055 2025 per
1080 1969 1251 2011 dictum
1280 1967 1517 2010 dominum
1556 1967 1820 2031 episcopum
1848 1967 2045 2023 Magalo-
2095 2006 2101 2011 .
2163 1999 2166 2001 -
2194 1951 2197 1955 ’

483 2056 688 2089 nensem,
715 2042 820 2084 dicti
842 2041 1051 2083 consules
1073 2039 1283 2095 superius
1305 2037 1539 2085 nominati,
1559 2039 1616 2081 ab
1637 2038 1810 2081 eisdem
1833 2038 2044 2094 super-ius

482 2114 669 2171 prestito
694 2113 965 2169 juramento.
1000 2110 1306 2166 promiserunt
1332 2122 1421 2151 non
1448 2109 1506 2151 ad
1532 2109 1731 2164 aliquem
1760 2109 2044 2165 superiorem

481 2185 711 2241 appellare
739 2184 818 2226 sed
841 2182 937 2237 ejus
960 2181 1176 2224 mandata
1202 2193 1398 2223 servare.

541 2256 651 2298 Acta
703 2254 886 2296 fuerunt
919 2253 1000 2295 hec
1026 2252 1071 2293 in
1099 2252 1203 2295 aula
1252 2250 1426 2292 domini
1453 2251 1656 2306 episcopi
1688 2237 2041 2306 Magalonensis':

482 2339 601 2369 anno
628 2323 858 2367 Dominice
887 2322 1210 2365 Incarnationis
1262 2321 1506 2363 millesimo
1532 2320 1843 2363 ducentesimo
1892 2323 2045 2364 octua-

481 2396 656 2452 gesimo
682 2398 858 2440 octavo,
884 2393 1096 2435 videlicet
1123 2391 1266 2448 pridie
1294 2392 1512 2434 kalendas
1557 2375 1838 2440 decembriss
1857 2391 2042 2434 domino

480 2466 691 2522 Philippo
719 2465 796 2508 Dei
818 2464 964 2519 gratia
988 2477 1091 2519 rege
1120 2464 1392 2505 Francorum
1413 2464 1644 2517 regnante,
1675 2464 1719 2504 et
1745 2462 1865 2504 dicto
1892 2462 2040 2505 domi-

483 2551 542 2580 no
563 2534 866 2593 B[erengario]
895 2535 1055 2577 eadem
1082 2534 1227 2589 gratia
1246 2533 1553 2588 Magalonensi
1576 2532 1787 2589 episcopo
1810 2532 2044 2588 presiden-

481 2611 541 2656 te,
572 2607 619 2649 in
646 2606 881 2662 presencia
906 2608 950 2647 et
979 2604 1237 2647 testimonio
1264 2603 1539 2646 venerabilis
1566 2603 1650 2645 viri
1673 2602 1846 2646 domini
1880 2602 2043 2649 Beren-

479 2677 591 2733 garii
607 2677 783 2719 Fredoli
804 2677 1086 2718 decretorum
1101 2675 1309 2721 doctoris.
1331 2674 1533 2730 magistri
1549 2674 1769 2729 Stephani
1784 2674 1839 2716 de
1859 2673 2036 2721 Orlolis.
2104 2667 2110 2673 ’
2143 2658 2166 2699 s

482 2747 656 2791 domini
681 2746 900 2789 Johannis
930 2746 1247 2792 Bartholomei‚
1281 2745 1483 2799 magistri
1511 2744 1837 2788 Raimundivde
1870 2745 2041 2787 Monte-

480 2818 681 2864 ferrario.
712 2817 884 2860 domini
911 2816 1090 2859 Radulti
1124 2816 1331 2869 Savarici
1378 2815 1580 2858 canonici
1607 2815 1954 2870 Magalonensis.
1995 2817 2041 2857 et

484 2889 573 2932 mei
600 2888 819 2931 Johannis
845 2887 1026 2936 Gaschi,
1051 2887 1157 2928 dicti
1179 2886 1351 2929 domini
1378 2885 1712 2940 Magalonensis
1734 2885 1933 2941 episcopi
1962 2898 2040 2928 no·
2073 2927 2076 2930 Α
2137 2907 2140 2910 “
2178 2868 2185 2943 Ξ
