2107 3404
0 2764 13 2784 ‚.

0 2783 14 2815 ξ

0 2820 15 2846 5,

733 277 995 321 -171-

81 382 254 426 domini
279 383 465 426 infantis
489 383 644 426 Jacobi
670 383 754 426 filii
781 385 866 433 sui,
891 388 936 427 et
960 384 1072 440 ipsis
1115 382 1403 439 presentibus
1435 385 1480 427 et
1503 382 1647 440 preci-

81 453 313 509 pientibus
338 453 503 503 eidem,
518 453 689 510 juravit
707 454 756 497 in
775 455 955 498 animas
979 454 1259 502 eorumdem,
1285 453 1342 497 ad
1366 457 1649 498 sacrosancta

77 523 160 568 Dei
187 524 439 581 evangelia,
470 525 595 581 ipsos
634 525 871 568 dominum
894 538 1047 581 regem
1086 528 1130 567 et
1157 525 1395 568 dominum
1421 525 1648 568 infantem

80 595 314 644 Jacotmm,
363 597 414 638 ut
453 595 663 639 dominos
710 595 1130 652 Montispessulani,
1186 595 1386 651 predfcta
1431 595 1584 639 omnia
1605 596 1650 637 et

77 665 256 721 singula
281 665 515 709 attendere
542 670 586 709 et
606 667 850 722 complere,
876 680 927 709 ac
953 666 1092 709 firma
1119 679 1300 722 semper
1321 665 1487 709 habere
1510 667 1646 723 atque

79 739 248 783 tenere,
280 739 329 778 ut
379 738 587 792 superius
626 738 895 781 continetur.
928 740 970 780 et
1022 751 1255 794 nunquam
1283 739 1438 780 contra
1480 736 1642 785 Iacere,

78 806 153 849 vel
179 810 335 850 contra
354 808 508 850 venire
536 808 583 849 in
625 808 777 864 aliquo
806 808 898 850 ullo
926 809 1075 851 modo.

140 878 213 921 Sic
255 878 302 920 in
323 879 537 934 pred1ctis
583 882 675 922 tam
710 879 855 921 dictus
884 892 963 920 rex
1007 879 1378 935 ‹⁷111a1nm1mi11us
1407 878 1646 934 episcopus

81 948 286 1005 predicti,
317 949 402 991 sul]
427 950 695 1005 repetitione
746 950 1013 992 eorumdem
1041 952 1443 992 sacranzontorunr
1484 962 1648 990 rouun-

79 1018 313 1062 ciaverunt
337 1020 549 1062 omnibus
574 1019 765 1075 juribus,
796 1019 1061 1067 rationibus,
1104 1019 1461 1067 defensionibus,
1501 1022 1543 1060 et
1571 1031 1648 1059 ex-

80 1089 381 1145 ceptionibus,
411 1103 464 1132 ac
495 1090 745 1146 privilegiis
790 1090 978 1132 indultis
1007 1093 1049 1132 et
1076 1090 1382 1144 indulgendis.
1416 1103 1495 1144 per
1533 1077 1647 1144 quas

81 1172 162 1202 seu
188 1148 476 1216 Quocumque
502 1160 599 1216 jure
645 1160 831 1203 rationis
859 1160 932 1202 vel
957 1160 1064 1202 facti
1102 1160 1413 1202 contravenire
1461 1163 1647 1215 possent

80 1230 148 1273 ita
183 1230 305 1287 quod
333 1243 386 1273 ea
411 1231 638 1286 generalis
684 1231 960 1274 renuntiatio
980 1244 1100 1273 eam
1150 1231 1353 1274 obtineat
1380 1230 1645 1272 firmitatem

78 1314 219 1358 quam
244 1301 470 1344 obtineret
496 1304 539 1343 et
565 1302 768 1344 obtinere
789 1305 957 1356 posset,
990 1301 1027 1344 si
1061 1302 1235 1356 singule
1287 1301 1643 1344 renuntiationes

78 1371 314 1428 sigillatim
339 1375 384 1414 et
409 1372 664 1427 expressim
691 1375 953 1414 enumerate
981 1375 1023 1414 et
1050 1385 1266 1427 expresse
1318 1371 1529 1419 tuissent;
1578 1371 1643 1414 ita

76 1443 202 1499 quod
225 1441 339 1501 [pro]
364 1443 592 1499 expressis
611 1445 654 1485 et
676 1443 953 1486 enumeratis
973 1442 1283 1497 intelligantur
1305 1445 1346 1484 et
1368 1443 1640 1492 habeantur.

137 1514 249 1556 Acta
275 1527 356 1556 seu
395 1517 524 1569 gesta
548 1513 732 1556 fuerunt
774 1514 858 1555 hec
883 1513 1197 1569 sollempniter
1226 1515 1269 1555 et
1295 1513 1394 1560 rite,
1427 1516 1470 1554 et
1496 1526 1522 1555 a
1547 1525 1649 1568 par-

79 1584 201 1627 tibus
227 1584 425 1633 laudata,
455 1585 503 1626 in
529 1585 942 1640 Montepessulano‚
987 1584 1195 1626 videlicet
1223 1582 1301 1642 [in]
1345 1583 1514 1640 palatio
1540 1583 1647 1626 dicti

81 1655 255 1699 domini
280 1656 415 1712 regis,
446 1670 565 1699 anno
591 1656 822 1699 Dominice
850 1655 1174 1698 Incarnationis
1201 1656 1262 1697 Μ’)
1289 1655 1359 1697 IIco
1411 1658 1647 1710 septuage-

77 1727 199 1770 simo
226 1727 442 1776 secundm
473 1730 517 1770 et
543 1727 674 1770 nonis
693 1726 903 1782 januarii,
934 1726 983 1768 in
1010 1726 1238 1782 presentia
1289 1729 1335 1769 et
1383 1725 1645 1769 testimonio

77 1797 256 1841 domini
284 1798 478 1844 Andree,
504 1798 700 1854 episcopi
725 1796 1077 1846 Valentinensis;
1109 1797 1315 1851 magistri
1343 1796 1462 1839 Petri
1490 1797 1643 1838 Alme-

18 1858 194 1918 >’radi,
223 1869 529 1912 archidiaconi
567 1868 900 1923 Magalonensis
928 1871 972 1909 et
1022 1867 1183 1922 prioris
1236 1867 1390 1910 Sancti
1435 1867 1638 1916 Firmini;

78 1940 290 1996 magistri
315 1940 436 1983 Petri
464 1939 627 1986 Dorna,
657 1938 978 1995 archydiaconi
999 1938 1332 1994 Magalonensis
1385 1941 1428 1980 et
1480 1938 1643 1994 prioris

81 2013 217 2056 Beate
243 2011 384 2055 Marie
410 2011 467 2054 de
492 2010 692 2058 Tabulis2
717 2009 838 2053 Petri
863 2009 1095 2052 Almeradi
1123 2009 1281 2052 militis
1309 2012 1352 2051 et
1377 2009 1640 2066 jurisperiti,

77 2083 296 2127 Johannis
316 2081 569 2126 Brunenchi
589 2081 773 2123 rectoris
794 2079 980 2122 ecclesie
1019 2079 1074 2122 de
1101 2080 1393 2129 Muroveteri,
1425 2080 1643 2124 Bernardi

79 2155 138 2197 de
165 2152 425 2209 Bellopodio
451 2152 624 2199 militis,
654 2151 870 2194 Bernardi
896 2150 1058 2193 Vitatis
1086 2151 1141 2192 de
1169 2150 1217 2192 B.
1247 2149 1405 2205 (blanc
1430 2150 1485 2193 de
1510 2149 1620 2198 0,01
1619 2154 1640 2206 )

77 2225 216 2272 duno,
246 2223 419 2266 Alberti
445 2223 500 2264 de
528 2222 729 2265 Lavania
772 2221 964 2264 doctoris
990 2222 1159 2276 legum,
1186 2221 1400 2277 S)·m011is
1428 2222 1482 2265 de
1507 2223 1643 2265 Sane-

79 2298 126 2338 to
144 2293 324 2341 Felicio,
348 2293 578 2349 scriptoris
599 2293 771 2336 domini
791 2292 910 2347 regis
935 2292 1140 2348 predicti,
1160 2295 1204 2334 et
1225 2292 1422 2347 plurium
1450 2292 1642 2334 aliorum

79 2370 126 2409 et
153 2364 241 2407 mei
261 2363 492 2406 Michaelis
519 2364 575 2405 de
595 2364 839 2406 Malobuxo
861 2363 1027 2418 publici
1050 2362 1450 2417 Montispessulani
1477 2363 1642 2405 notarii

76 2435 172 2492 qui,
204 2434 444 2477 mandatus
470 2447 497 2476 a
518 2435 736 2490 partibus.
763 2434 844 2475 hec
871 2433 1044 2488 scripsi,
1076 2436 1118 2474 ct
1145 2433 1203 2475 ad
1231 2432 1449 2488 majorem
1476 2433 1639 2475 horum

87 2505 295 2550 omnium
339 2504 604 2547 firmitatem
631 2504 904 2552 habendam,
952 2503 1146 2559 apposui
1189 2503 1371 2559 signum
1398 2517 1568 2548 meum.
1598 2506 1644 2547 et

77 2576 164 2620 feci
183 2575 416 2632 quandam
442 2575 849 2624 interlineatmam,
888 2588 978 2631 que
1009 2574 1117 2617 dicit
1140 2574 1434 2631 firmitatem.

141 2718 249 2760 Post
272 2717 370 2764 hec,
401 2729 519 2758 anno
545 2730 646 2771 quo*
680 2730 833 2773 supra,
865 2716 1058 2772 septimo
1085 2716 1262 2758 decimo
1313 2715 1532 2759 kalendas
1577 2716 1640 2759 te-

55 2820 63 2826 .
81 2787 266 2835 brunsii,
289 2799 394 2828 cum
414 2787 465 2829 R.
491 2786 546 2829 de
568 2787 765 2830 Bociacis
792 2787 1048 2842 prepositus
1069 2787 1403 2841 Magalonensis
1425 2787 1633 2835 Ecclesie,

0 2852 46 2915 J·
80 2857 297 2913 magister
345 2857 392 2899 P.
449 2857 682 2900 Almeradi
709 2860 754 2900 et
798 2858 1014 2912 magister
1039 2858 1087 2900 P.
1117 2856 1285 2900 Juliani
1335 2857 1640 2899 archidiaconi

77 2927 439 2984 Magalonenses‚
464 2927 737 2972 Bertrandus
764 2928 820 2971 de
847 2925 1184 2987 Campanh[e]is
1211 2927 1338 2984 prior
1363 2927 1635 2977 claustralis,
