2107 3404
791 217 1036 260 ,363-

0 324 9 354 ἢ
74 329 98 367 j
127 316 385 372 pedagium
410 331 501 362 non
522 322 754 375 prestandi
775 322 822 364 in
849 323 968 366 dicto
994 324 1091 367 loco
1118 337 1199 366 seu
1226 325 1335 368 villa
1360 326 1415 368 de
1438 326 1690 370 Lesteucle-

134 385 215 429 riis
242 387 297 430 de
324 389 419 431 suis
445 390 581 433 rebus
608 392 819 447 propriis,
870 394 1013 436 voluit
1039 397 1083 437 et
1108 395 1329 438 concessit
1355 397 1501 440 dictus
1529 411 1687 453 procu-

131 459 266 507 rator,
296 461 602 514 procuratorio
652 453 836 505 nomine
882 464 988 506 dicti
1038 464 1212 507 domini
1239 465 1450 522 episcopt
1483 468 1683 523 predicto

131 526 264 570 Petro
313 529 537 584 Pragalati
564 533 887 587 (zssragalati)
939 535 1125 583 sindico,
1180 536 1413 591 recipienti
1441 551 1492 580 ac
1542 539 1684 580 eciam

129 597 364 653 stipulanti
403 613 484 642 suo
524 595 849 646 efnominibus
876 606 1041 659 quibus
1063 619 1214 661 supra,
1239 609 1283 649 et
1307 620 1389 662 per
1414 607 1566 663 ipsum
1594 609 1684 650 sin-

126 667 238 711 dicis
265 670 381 713 dicte
409 671 516 713 unix
521 673 716 716 ersitatis
744 678 787 716 et
809 675 1022 718 omnibus
1046 676 1308 719 hominibus
1329 678 1435 720 dicti
1463 679 1598 721 castri
1625 680 1680 721 de

125 738 393 783 Vicenobrio
432 745 476 784 et
520 742 617 798 ejus
646 745 906 788 tenemeuti
940 759 1010 793 ne,
1042 747 1097 788 de
1124 750 1286 795 cetero
1317 748 1372 790 de
1401 749 1535 791 rebus
1586 750 1679 792 suis

122 811 335 866 propriis,
360 812 406 854 in
427 812 545 855 dicto
573 814 668 856 loco
689 827 769 856 seu
796 815 905 858 villa
924 816 980 857 de
1010 817 1342 865 Lestencleriis,
1369 823 1568 874 prestare
1597 834 1679 862 seu

120 881 301 937 solvere
317 883 567 938 pedagium
596 888 848 933 teneantur3
1339 906 1342 907 ⁷

179 952 362 1001 Volens,
392 953 595 1009 inquam,
627 956 772 998 dictus
824 960 1085 1011 procurator
1128 960 1251 1014 quod
1305 961 1575 1015 pedagerius
1620 964 1675 1005 de

62 1015 77 1022 ’
120 1023 448 1073 Lestencleriis,
480 1039 560 1068 seu
586 1026 662 1067 alii
691 1027 935 1082 pedagerii,
967 1028 1045 1083 qui
1074 1043 1153 1084 pro
1183 1032 1385 1085 tempore
1432 1032 1600 1075 tuerint
1626 1034 1673 1075 iu

113 1094 234 1137 dicto
283 1094 380 1138 loco
406 1095 461 1138 de
509 1097 818 1140 Lestencleriis
858 1103 1155 1146 comorantes,
1210 1101 1266 1143 de
1293 1105 1440 1144 cetero
1466 1115 1493 1145 a
1543 1104 1673 1146 dictis

116 1165 378 1209 hominibus
428 1167 484 1209 de
512 1167 777 1210 Vicenobrio
816 1172 860 1210 et
886 1169 983 1223 ejus
1013 1171 1257 1213 teuemeuti
1308 1172 1552 1227 pedagium
1581 1188 1670 1218 non

111 1237 299 1292 exigant
324 1238 380 1280 de
402 1239 535 1280 rebus
564 1239 656 1281 suis
683 1228 971 1294 propriissut
1001 1242 1210 1296 superius
1239 1247 1307 1285 est
1333 1257 1618 1298 expressum:

174 1309 310 1353 Salvo
341 1311 492 1351 tamen
520 1312 563 1351 et
614 1312 786 1352 retento
816 1311 1016 1364 predicto
1043 1312 1228 1355 domino
1255 1313 1469 1369 episcopo
1496 1318 1537 1356 et
1590 1314 1667 1358 Ec-'

57 1400 62 1403 ·
113 1379 249 1422 ciesie
276 1380 600 1434 Magalouensi.
632 1381 753 1436 quod
782 1381 818 1422 si
870 1381 1057 1436 predicti
1098 1382 1305 1426 homines
1334 1385 1405 1426 vel
1433 1385 1572 1441 aliqui
1611 1387 1667 1429 de

110 1449 230 1493 dicta
255 1442 552 1493 universitate
581 1450 777 1492 tacerent.
806 1451 1044 1494 transitum
1067 1467 1147 1507 per
1174 1453 1341 1495 dictum
1388 1455 1533 1496 locum
1563 1470 1665 1498 cum

108 1521 269 1564 alienis
296 1521 616 1568 mercimoniis,
648 1522 769 1576 quod
791 1522 845 1564 de
874 1522 984 1577 ipsis
1014 1523 1257 1578 pedagium
1285 1524 1455 1567 ibidem
1490 1526 1663 1569 solvere

106 1594 361 1635 teneantur.

165 1665 217 1707 Et
242 1663 448 1720 idem—de
493 1664 587 1706 suis
615 1663 921 1707 mercimoniis
967 1665 1174 1720 propriis,
1206 1667 1370 1722 emptis
1416 1670 1543 1711 extra
1570 1682 1665 1712 cas-

106 1738 227 1777 trum
249 1735 305 1777 de
356 1734 624 1777 Yicenobrio
651 1735 725 1776 vel
754 1734 853 1790 ejus
906 1738 1179 1784 tenemento,
1211 1737 1257 1778 in
1284 1737 1392 1780 locis
1418 1752 1443 1780 a
1493 1740 1661 1796 quibus

103 1808 439 1849 consueverunt
466 1806 769 1848 communiter
814 1806 979 1861 portari
1009 1807 1081 1848 vel
1122 1808 1341 1862 reportari
1367 1810 1488 1864 apud
1538 1810 1663 1852 Mon-

104 1876 495 1932 tempessulanum
519 1890 598 1931 per
623 1879 813 1925 stratam
839 1878 999 1951 Sanc-te
1028 1878 1192 1919 Crucis.

165 1947 214 1990 Si
239 1960 348 1989 vero
367 1947 474 1989 alibi
503 1950 708 1988 emerunt
737 1947 783 1988 iu
811 1947 918 1989 locis·
935 1961 961 1989 a
986 1948 1152 2003 quibus
1178 1962 1265 1990 nou
1289 1949 1343 1991 sit
1360 1952 1661 1994 comnmuiter

102 2017 318 2060 transitus
334 2030 415 2072 per
428 2016 595 2058 dictam
617 2019 804 2059 stratam
828 2018 987 2059 Sancte
1012 2018 1176 2063 Crucis,
1200 2019 1438 2073 pedagium
1463 2021 1568 2062 dare
1587 2023 1657 2062 vet

98 2089 279 2131 solvere
308 2087 494 2129 minime
531 2090 780 2134 teneantur,
814 2087 925 2128 dum
957 2091 1105 2130 tamen
1158 2102 1248 2130 non
1282 2090 1489 2132 devietur
1538 2092 1656 2134 dicta

39 2162 41 2164 ’
104 2148 243 2202 Strata
269 2161 431 2201 Sancte
470 2158 622 2200 Crucis
650 2162 832 2213 propter
871 2159 1126 2201 habendam
1154 2159 1490 2204 immunitatem
1520 2163 1656 2217 peda-

96 2230 174 2285 gii,
205 2233 249 2272 ct
276 2229 398 2271 [raus
424 2228 577 2283 aliqua
604 2242 693 2269 nou
720 2229 978 2270 comittatur
1004 2229 1051 2270 in
1074 2230 1183 2284 ipsis
1211 2231 1413 2285 pedagiis
1435 2232 1479 2272 in
1502 2233 1656 2275 devia-

98 2305 215 2344 tioue
245 2303 380 2343 strate
410 2312 490 2354 per
527 2312 664 2353 quam
691 2299 761 2354 Jus
789 2299 896 2341 dicti
922 2299 1095 2341 domiui
1141 2301 1338 2356 episcopi
1366 2305 1406 2342 et
1459 2302 1652 2344 Ecciesie

93 2359 426 2426 Magaloneasis
456 2370 499 2410 in
527 2370 678 2425 atiquo
705 2370 926 2417 ledeutur;
957 2384 1093 2424 ruper
1119 2384 1207 2426 quo
1235 2374 1377 2413 stetur
1395 2373 1652 2427 juramento

93 2442 275 2485 iliorum
303 2433 382 2496 qui
413 2440 707 2482 mercimonia
733 2440 947 2482 ducerent
975 2441 1047 2482 vel
1080 2444 1326 2496 portare11t;

153 2511 429 2554 Promittens
456 2511 597 2553 eciam
627 2511 772 2552 dictus
800 2515 1064 2565 procurator
1103 2525 1150 2553 se
1177 2512 1403 2554 facturum
1433 2517 1476 2556 et
1524 2528 1651 2557 cura-

13 2607 18 2614 ·
40 2585 47 2588 “
94 2587 263 2630 turum,
287 2581 409 2638 quod
436 2581 582 2623 dictus
609 2581 821 2623 dominus
849 2581 1102 2637 episcopus,
1121 2582 1248 2638 cujus
1275 2586 1343 2625 est
1371 2591 1642 2638 procurator.

13 2664 37 2702 ζ’,
92 2652 278 2696 habebit
299 2654 517 2708 perpetuo
540 2655 636 2694 rata
663 2653 706 2693 e't
734 2651 866 2694 firma
885 2653 1038 2701 omnia
1058 2655 1101 2694 et
1122 2653 1301 2708 singula
1322 2656 1642 2710 suprascripta,

87 2726 134 2766 et
160 2723 294 2765 faciet
321 2722 648 2764 iuviolabiliter
672 2722 918 2764 observari.

15 2776 40 2815 ἢ
146 2795 259 2836 Acta
283 2795 391 2835 sunt
416 2792 497 2834 hec
523 2793 644 2848 apud
672 2793 1171 2848 Montempessulauum
1225 2795 1268 2836 iu
1296 2796 1431 2836 «huno
1460 2798 1503 2837 iu
1555 2812 1644 2851 quo

86 2865 276 2922 (zqua)
305 2863 567 2918 morabatur
592 2862 802 2904 officialis
830 2864 1017 2918 predicti
1052 2865 1222 2905 domini
1252 2866 1448 2920 episcopi
1498 2867 1645 2920 Maga-

22 2938 47 2980 ἀ

18 3033 45 3045 ·Ι

21 3053 50 3098 ἀ

20 3127 58 3195 „jc

21 3300 85 3404 ᾗ,
