2107 3404
815 328 870 335 -
896 303 983 348 195
1009 302 1072 337 -·

72 452 77 459 ,
146 423 306 460 annos,
335 410 514 454 nolletis
541 411 614 454 vel
641 424 731 454 non
757 412 951 467 possetis
996 412 1158 460 facere,
1190 413 1264 455 vel
1309 412 1454 457 facere
1481 413 1582 457 fieri
1609 428 1711 471 pre·

149 481 319 525 dictam
346 484 578 524 monetam
604 482 664 525 ad
707 481 855 538 legem
885 482 1138 538 predictam
1170 486 1210 524 et
1240 484 1419 538 landus
1446 485 1693 539 prodimur·

148 551 269 606 quod
294 565 376 594 nos
403 553 654 595 debeamus
682 566 762 595 vos
812 556 1053 608 expectare
1078 568 1160 609 per
1185 554 1298 596 dms-
1352 567 1534 597 menses
1581 556 1694 597 ιςῳηίῗ

146 635 277 671 nuos,
306 635 366 665 ex
389 635 480 679 quo
506 635 534 666 a
558 622 704 671 nobis,
736 621 810 666 vel
838 623 897 666 ab
923 622 1014 666 alio
1045 636 1129 679 per
1153 638 1235 667 nos
1257 624 1313 667 ad
1337 625 1383 667 id
1411 625 1641 680 deputato,
1672 630 1714 667 ut

148 705 251 736 eam
277 691 453 736 faciatis
479 693 553 736 vel
580 693 680 736 tieri
709 692 901 741 faciatis,
937 693 1120 737 fueritis
1167 695 1388 751 requisiti;
1418 695 1586 751 quibus
1612 696 1722 737 duc-

147 764 233 806 bus
266 763 479 819 predictis
500 763 733 806 mensibus
760 764 943 820 elapsis,
991 778 1074 807 nos
1096 765 1245 821 ipsam
1286 765 1534 820 predictam
1564 778 1718 808 moie-

145 837 243 878 tam
291 834 524 890 possimus
575 835 682 877 dare
715 837 760 878 et
786 835 1034 877 concedere
1062 835 1139 878 alii
1191 836 1287 879 sine.
1334 839 1487 879 vestra
1531 836 1710 891 injuria.

146 907 280 961 prout
300 905 463 948 melius
488 908 534 948 et
558 906 715 948 utilius
743 906 900 948 visum
930 905 1064 947 fuerit
1091 907 1320 961 expedire.

206 976 377 1018 Damus
404 976 543 1019 etiam
571 976 700 1019 vohis
727 976 876 1032 ipsam
905 979 1135 1019 monetam
1173 976 1372 1031 Melgorii
1421 978 1569 1020 ante-2}-
1593 990 1689 1018 ‘tem

147 1046 270 1090 sicut
296 1045 344 1088 in
371 1047 521 1089 dando
548 1047 700 1102 ipsam
722 1047 932 1090 eamdem
955 1050 1187 1090 monetam
1216 1051 1284 1090 est
1304 1048 1426 1103 apud
1448 1048 1717 1102 Melgorium

149 1116 402 1172 antiquitus
428 1118 739 1166 observatum;
770 1119 815 1159 et
861 1118 1116 1159 secundum
1143 1117 1271 1160 illam
1306 1118 1520 1160 -sormam
1549 1121 1591 1160 et
1625 1131 1721 1160 mo-

147 1187 261 1230 dum
293 1187 427 1243 plene
454 1188 501 1230 in
527 1187 740 1230 omnibus
767 1191 812 1230 et
838 1201 920 1244 per
945 1188 1113 1237 omnia,
1138 1188 1232 1243 qui,
1262 1188 1311 1229 in
1338 1188 1640 1230 instrumento
1662 1189 1718 1230 de

147 1260 341 1301 moneta
353 1258 556 1314 predicta
581 1258 785 1314 Melgorii
812 1258 922 1300 olim
950 1257 1066 1302 facto
1093 1258 1212 1301 inter
1232 1258 1454 1301 illustrem
1482 1259 1722 1301 dominum

147 1328 384 1377 lecchum,
413 1329 495 1371 Dei
519 1329 664 1384 gratia
706 1341 861 1384 regem
913 1330 1192 1384 Aragonum,
1219 1332 1261 1371 et
1289 1342 1386 1378 nos
1417 1332 1460 1372 et
1507 1329 1717 1372 consules

147 1399 564 1456 Montispessulani,
595 1399 774 1455 plenius
795 1399 1064 1442 continetur.

208 1471 380 1513 Damus
400 1470 538 1514 etiam
559 1473 607 1514 et
625 1470 914 1513 concedimus
935 1470 1065 1513 vobis
1090 1470 1304 1526 predictis
1332 1471 1478 1519 sociis,
1508 1471 1720 1513 videlicet.

149 1540 408 1600 Raimundo
434 1541 671 1584 Bertrandi
697 1543 741 1583 et
767 1540 975 1595 Hugueto
1015 1540 1225 1588 Pleverii,
1256 1541 1394 1597 quod,
1426 1555 1484 1584 ex
1511 1555 1600 1597 quo
1631 1555 1723 1583 mo-

147 1613 255 1654 neta
305 1611 510 1667 predicta
535 1612 593 1654 ab
644 1611 870 1669 ysaiatore
923 1624 1004 1653 seu
1054 1611 1293 1666 probatore
1319 1611 1465 1667 ipsius
1518 1610 1725 1666 ejusdem

148 1683 332 1724 monete
353 1681 489 1724 fuerit
514 1682 744 1737 expedita,
774 1681 967 1724 liberata
988 1694 1067 1723 seu
1090 1681 1202 1724 alias
1225 1681 1428 1736 legitime
1456 1682 1721 1737 approbata,

148 1751 271 1808 quod
296 1765 380 1795 vos
406 1752 462 1794 de
488 1752 567 1794 illa
592 1752 793 1808 amplius
824 1765 915 1795 non
936 1751 1198 1801 teneamini;
1229 1752 1309 1794 sed
1330 1752 1495 1794 exinde
1523 1752 1568 1792 in
1588 1754 1724 1794 antea

148 1821 248 1865 sitis
269 1822 453 1878 penitus
477 1823 664 1865 obnoxii
680 1823 781 1877 (sic)
801 1826 845 1865 et
865 1822 1096 1864 immunes
1124 1822 1179 1864 de
1195 1822 1318 1864 omni
1334 1835 1479 1865 errore
1496 1822 1566 1864 vel
1588 1822 1722 1870 vicio,

140 1892 188 1939 vsi
212 1892 260 1934 in
285 1893 387 1949 ipsa
413 1896 609 1941 moneta,
646 1907 727 1949 per
772 1893 947 1935 dict-um
977 1893 1255 1948 ysaiatorem
1307 1893 1572 1948 approbata,
1602 1892 1724 1948 quod

147 1963 282 2012 absit,
312 1977 394 2019 per
420 1977 682 2019 processum
712 1963 930 2019 temporis
958 1965 1242 2019 apparerent.

210 2033 266 2076 Et
289 2033 369 2081 ita,
398 2033 515 2076 sicut
540 2034 853 2090 supradictum
881 2036 964 2081 est,
995 2047 1076 2076 vos
1103 2033 1272 2076 dictam
1298 2036 1526 2076 monetam
1554 2034 1725 2076 habere

151 2106 197 2147 et
222 2106 376 2146 tenere
405 2105 632 2152 volumus,
688 2107 733 2146 et
759 2104 1052 2147 concedimus
1080 2117 1161 2159 per
1187 2107 1392 2159 tempora
1443 2104 1716 2159 supradicta.

142 2173 470 2230 'promittentes
522 2174 669 2222 vobis,
703 2174 1021 2230 sollempniter
1070 2174 1413 2229 stipulantibus,
1444 2187 1525 2230 per
1551 2187 1631 2216 nos
1676 2177 1721 2216 et

71 2246 86 2254 “
148 2257 432 2288 successores
485 2248 676 2293 nostros,
706 2245 896 2288 comites
922 2247 966 2286 et
992 2244 1203 2287 dominos
1229 2244 1449 2300 Melgorii,
1499 2245 1721 2299 premissa

147 2315 303 2358 omnia
351 2317 525 2364 tenere,
559 2329 745 2358 servare
773 2319 818 2358 et
868 2317 1026 2358 contra
1051 2328 1141 2357 non
1188 2315 1345 2357 venire
1390 2314 1480 2356 Lllo
1506 2314 1602 2370 jure
1654 2313 1728 2357 vel

147 2385 337 2438 ratione.

206 2455 303 2499 Imo
357 2456 697 2505 renunciamus,
738 2455 992 2512 expressim
1020 2458 1147 2497 etex
1197 2458 1319 2498 certa
1344 2455 1546 2503 scientia,
1601 2455 1726 2498 omni

35 2554 66 2578 ⁴.
90 2517 97 2521 ’
149 2525 239 2582 juri
265 2526 432 2581 scripto
459 2529 504 2568 et
530 2539 620 2568 non
676 2526 857 2582 scripto,
889 2526 1103 2568 canonico
1131 2529 1175 2568 et
1202 2526 1339 2573 civili,
1370 2528 1506 2582 alque
1539 2539 1726 2568 consue-

52 2594 59 2642 [
86 2617 92 2622 -
118 2654 120 2658 y
148 2595 296 2638 tudini
323 2599 368 2638 et
419 2596 672 2651 privilegio,
705 2599 749 2638 et
777 2596 902 2638 omni
949 2596 1169 2641 subsidio,
1201 2596 1422 2638 beneficio
1450 2599 1493 2638 et
1536 2596 1722 2643 auxilio,

48 2663 50 2666 ’
108 2694 114 2698 --
149 2679 242 2722 quo
269 2666 342 2708 vel
371 2666 538 2721 quibus
565 2670 722 2709 contra
750 2667 953 2722 predicta
980 2666 1054 2708 vel
1080 2666 1266 2722 aliquod
1314 2666 1620 2721 predictorum
1649 2680 1725 2708 ve—

149 2735 248 2778 nire
295 2749 551 2791 possemus;
581 2737 661 2779 sed
689 2737 901 2780 volumus
954 2737 1110 2792 pocius
1156 2736 1417 2791 supradicta
1442 2750 1522 2791 per
1549 2750 1629 2778 nos
1681 2739 1719 2777 et

88 2804 92 2806 ’
150 2817 435 2848 successores
462 2809 655 2855 nostros,
687 2820 768 2862 per
793 2807 914 2850 dicta
932 2809 1161 2862 tempora.
1192 2807 1377 2862 plenam
1421 2809 1465 2848 et
1492 2806 1726 2848 inconcus-

74 2888 90 2938 ίζ
151 2887 258 2917 sam
284 2875 453 2918 habere
481 2876 655 2920 roboris
676 2876 955 2920 firmitatem.
