<?xml version="1.0" encoding="UTF-8"?>
<!DOCTYPE html PUBLIC "-//W3C//DTD XHTML 1.0 Transitional//EN"
    "http://www.w3.org/TR/xhtml1/DTD/xhtml1-transitional.dtd">
<html xmlns="http://www.w3.org/1999/xhtml" xml:lang="en" lang="en">
 <head>
  <title>
</title>
<meta http-equiv="Content-Type" content="text/html;charset=utf-8" />
  <meta name='ocr-system' content='tesseract 3.04.00' />
  <meta name='ocr-capabilities' content='ocr_page ocr_carea ocr_par ocr_line ocrx_word'/>
</head>
<body>
  <div class='ocr_page' id='page_1' title='image "./cartulairedemagu03cathuoft_0350.png"; bbox 0 0 2205 3299; ppageno 0'>
   <div class='ocr_carea' id='block_1_1' title="bbox 1097 57 1402 212">
    <p class='ocr_par' dir='ltr' id='par_1_1' title="bbox 1097 57 1402 212">
     <span class='ocr_line' id='line_1_1' title="bbox 1107 57 1247 118; baseline 0 0"><span class='ocrx_word' id='word_1_1' title='bbox 1107 57 1152 108; x_wconf 70' lang='lat' dir='ltr'><em>A</em></span> <span class='ocrx_word' id='word_1_2' title='bbox 1232 112 1247 118; x_wconf 82' lang='grc'><strong><em>,</em></strong></span> 
     </span>
     <span class='ocr_line' id='line_1_2' title="bbox 1097 161 1402 212; baseline -0.003 -1"><span class='ocrx_word' id='word_1_3' title='bbox 1097 188 1101 192; x_wconf 89' lang='grc'><strong>-</strong></span> <span class='ocrx_word' id='word_1_4' title='bbox 1154 198 1203 201; x_wconf 35' lang='grc' dir='ltr'>μ</span> <span class='ocrx_word' id='word_1_5' title='bbox 1235 161 1402 212; x_wconf 62' lang='lat'>3:381-</span> 
     </span>
    </p>
   </div>
   <div class='ocr_carea' id='block_1_2' title="bbox 442 257 2098 2880">
    <p class='ocr_par' dir='ltr' id='par_1_2' title="bbox 500 257 2098 478">
     <span class='ocr_line' id='line_1_3' title="bbox 560 257 2098 339; baseline 0.005 -21"><span class='ocrx_word' id='word_1_6' title='bbox 560 276 673 319; x_wconf 85' lang='lat' dir='ltr'>Item</span> <span class='ocrx_word' id='word_1_7' title='bbox 694 276 982 332; x_wconf 81' lang='lat' dir='ltr'>prohibimns</span> <span class='ocrx_word' id='word_1_8' title='bbox 1004 278 1104 334; x_wconf 69' lang='lat' dir='ltr'>(sic)</span> <span class='ocrx_word' id='word_1_9' title='bbox 1121 257 1239 333; x_wconf 77' lang='lat' dir='ltr'>quod</span> <span class='ocrx_word' id='word_1_10' title='bbox 1252 279 1482 339; x_wconf 35' lang='lat' dir='ltr'>Adominus</span> <span class='ocrx_word' id='word_1_11' title='bbox 1503 279 1709 336; x_wconf 83' lang='lat' dir='ltr'>Agantici</span> <span class='ocrx_word' id='word_1_12' title='bbox 1736 280 1834 323; x_wconf 85' lang='lat' dir='ltr'>vias</span> <span class='ocrx_word' id='word_1_13' title='bbox 1855 279 2060 336; x_wconf 81' lang='lat' dir='ltr'>publicas</span> <span class='ocrx_word' id='word_1_14' title='bbox 2095 322 2098 326; x_wconf 91' lang='lat'>.</span> 
     </span>
     <span class='ocr_line' id='line_1_4' title="bbox 500 344 2058 407; baseline 0.003 -19"><span class='ocrx_word' id='word_1_15' title='bbox 500 350 545 388; x_wconf 90' lang='lat' dir='ltr'>et</span> <span class='ocrx_word' id='word_1_16' title='bbox 571 347 745 402; x_wconf 77' lang='lat' dir='ltr'>plateas</span> <span class='ocrx_word' id='word_1_17' title='bbox 777 344 865 390; x_wconf 84' lang='lat' dir='ltr'>non</span> <span class='ocrx_word' id='word_1_18' title='bbox 907 348 1159 404; x_wconf 81' lang='lat' dir='ltr'>restringat;</span> <span class='ocrx_word' id='word_1_19' title='bbox 1193 352 1235 391; x_wconf 86' lang='lat' dir='ltr'>ct</span> <span class='ocrx_word' id='word_1_20' title='bbox 1263 349 1301 392; x_wconf 92' lang='lat' dir='ltr'>si</span> <span class='ocrx_word' id='word_1_21' title='bbox 1327 350 1502 407; x_wconf 87' lang='lat' dir='ltr'>aliquas</span> <span class='ocrx_word' id='word_1_22' title='bbox 1530 351 1730 394; x_wconf 85' lang='lat' dir='ltr'>indebite</span> <span class='ocrx_word' id='word_1_23' title='bbox 1757 346 2058 400; x_wconf 70' lang='lat' dir='ltr'>restrinxerit‚&#39;</span> 
     </span>
     <span class='ocr_line' id='line_1_5' title="bbox 501 418 1976 478; baseline 0.004 -20"><span class='ocrx_word' id='word_1_24' title='bbox 501 418 686 460; x_wconf 87' lang='lat' dir='ltr'>easdem</span> <span class='ocrx_word' id='word_1_25' title='bbox 708 418 849 461; x_wconf 86' lang='lat' dir='ltr'>laxari</span> <span class='ocrx_word' id='word_1_26' title='bbox 880 419 1009 463; x_wconf 84' lang='lat' dir='ltr'>faciat</span> <span class='ocrx_word' id='word_1_27' title='bbox 1038 421 1093 463; x_wconf 88' lang='lat' dir='ltr'>ad</span> <span class='ocrx_word' id='word_1_28' title='bbox 1122 422 1424 476; x_wconf 83' lang='lat' dir='ltr'>cognitionem</span> <span class='ocrx_word' id='word_1_29' title='bbox 1448 419 1683 478; x_wconf 82' lang='lat' dir='ltr'>procerum</span> <span class='ocrx_word' id='word_1_30' title='bbox 1711 422 1827 464; x_wconf 87' lang='lat' dir='ltr'>dicte</span> <span class='ocrx_word' id='word_1_31' title='bbox 1855 422 1976 464; x_wconf 82' lang='lat' dir='ltr'>ville.</span> 
     </span>
    </p>

    <p class='ocr_par' dir='ltr' id='par_1_3' title="bbox 496 488 2058 957">
     <span class='ocr_line' id='line_1_6' title="bbox 560 488 2053 549; baseline 0.003 -19"><span class='ocrx_word' id='word_1_32' title='bbox 560 488 708 544; x_wconf 81' lang='lat' dir='ltr'><strong>Super</strong></span> <span class='ocrx_word' id='word_1_33' title='bbox 733 490 823 533; x_wconf 90' lang='lat' dir='ltr'>alio</span> <span class='ocrx_word' id='word_1_34' title='bbox 852 505 960 534; x_wconf 84' lang='lat' dir='ltr'>vero</span> <span class='ocrx_word' id='word_1_35' title='bbox 990 491 1188 547; x_wconf 88' lang='lat' dir='ltr'>capitulo</span> <span class='ocrx_word' id='word_1_36' title='bbox 1215 493 1337 549; x_wconf 90' lang='lat' dir='ltr'>quod</span> <span class='ocrx_word' id='word_1_37' title='bbox 1363 506 1389 535; x_wconf 88' lang='lat' dir='ltr'>a</span> <span class='ocrx_word' id='word_1_38' title='bbox 1417 493 1600 535; x_wconf 86' lang='lat' dir='ltr'>sindicis</span> <span class='ocrx_word' id='word_1_39' title='bbox 1628 492 1840 548; x_wconf 86' lang='lat' dir='ltr'>predictis</span> <span class='ocrx_word' id='word_1_40' title='bbox 1874 492 2053 548; x_wconf 86' lang='lat' dir='ltr'>petitur,</span> 
     </span>
     <span class='ocr_line' id='line_1_7' title="bbox 499 560 2058 617; baseline 0.003 -16"><span class='ocrx_word' id='word_1_41' title='bbox 499 560 621 614; x_wconf 85' lang='lat' dir='ltr'>quod</span> <span class='ocrx_word' id='word_1_42' title='bbox 649 560 860 604; x_wconf 89' lang='lat' dir='ltr'>dominus</span> <span class='ocrx_word' id='word_1_43' title='bbox 906 563 1111 617; x_wconf 83' lang='lat' dir='ltr'>Agantici</span> <span class='ocrx_word' id='word_1_44' title='bbox 1139 563 1293 605; x_wconf 85' lang='lat' dir='ltr'>laudet</span> <span class='ocrx_word' id='word_1_45' title='bbox 1339 578 1418 606; x_wconf 84' lang='lat' dir='ltr'>seu</span> <span class='ocrx_word' id='word_1_46' title='bbox 1446 564 1637 606; x_wconf 85' lang='lat' dir='ltr'>retineat</span> <span class='ocrx_word' id='word_1_47' title='bbox 1664 563 1760 605; x_wconf 88' lang='lat' dir='ltr'>sinc</span> <span class='ocrx_word' id='word_1_48' title='bbox 1789 561 2058 605; x_wconf 76' lang='lat' dir='ltr'>difficultate</span> 
     </span>
     <span class='ocr_line' id='line_1_8' title="bbox 497 631 2053 690; baseline 0.002 -19"><span class='ocrx_word' id='word_1_49' title='bbox 497 631 808 684; x_wconf 85' lang='lat' dir='ltr'>possessiones</span> <span class='ocrx_word' id='word_1_50' title='bbox 861 634 1124 676; x_wconf 81' lang='lat' dir='ltr'>vendendas</span> <span class='ocrx_word' id='word_1_51' title='bbox 1151 647 1239 690; x_wconf 87' lang='lat' dir='ltr'>que</span> <span class='ocrx_word' id='word_1_52' title='bbox 1267 634 1413 676; x_wconf 88' lang='lat' dir='ltr'>habeo</span> <span class='ocrx_word' id='word_1_53' title='bbox 1441 635 1581 688; x_wconf 69' lang='lat' dir='ltr'>(zai)</span> <span class='ocrx_word' id='word_1_54' title='bbox 1609 636 1680 689; x_wconf 88' lang='lat' dir='ltr'>eo)</span> <span class='ocrx_word' id='word_1_55' title='bbox 1714 647 1801 675; x_wconf 92' lang='lat' dir='ltr'>non</span> <span class='ocrx_word' id='word_1_56' title='bbox 1832 635 2053 682; x_wconf 73' lang='lat' dir='ltr'>tenent-ur,</span> 
     </span>
     <span class='ocr_line' id='line_1_9' title="bbox 498 702 2058 760; baseline 0.003 -19"><span class='ocrx_word' id='word_1_57' title='bbox 498 702 810 756; x_wconf 81' lang='lat' dir='ltr'>extorquendo</span> <span class='ocrx_word' id='word_1_58' title='bbox 832 703 934 758; x_wconf 90' lang='lat' dir='ltr'>plus</span> <span class='ocrx_word' id='word_1_59' title='bbox 975 703 1195 747; x_wconf 90' lang='lat' dir='ltr'>laudimio</span> <span class='ocrx_word' id='word_1_60' title='bbox 1223 708 1452 749; x_wconf 85' lang='lat' dir='ltr'>consueto,</span> <span class='ocrx_word' id='word_1_61' title='bbox 1487 704 1780 760; x_wconf 65' lang='lat' dir='ltr'>prohibemus</span> <span class='ocrx_word' id='word_1_62' title='bbox 1826 703 1944 745; x_wconf 84' lang='lat' dir='ltr'>dicto</span> <span class='ocrx_word' id='word_1_63' title='bbox 1981 703 2058 746; x_wconf 92' lang='lat' dir='ltr'>do-</span> 
     </span>
     <span class='ocr_line' id='line_1_10' title="bbox 498 769 2057 829; baseline 0.004 -19"><span class='ocrx_word' id='word_1_64' title='bbox 498 769 623 812; x_wconf 88' lang='lat' dir='ltr'>mino</span> <span class='ocrx_word' id='word_1_65' title='bbox 657 772 861 827; x_wconf 83' lang='lat' dir='ltr'>Agantici</span> <span class='ocrx_word' id='word_1_66' title='bbox 890 788 945 816; x_wconf 91' lang='lat' dir='ltr'>ne</span> <span class='ocrx_word' id='word_1_67' title='bbox 974 774 1075 829; x_wconf 90' lang='lat' dir='ltr'>plus</span> <span class='ocrx_word' id='word_1_68' title='bbox 1104 775 1322 818; x_wconf 77' lang='lat' dir='ltr'>laudimio</span> <span class='ocrx_word' id='word_1_69' title='bbox 1348 777 1565 818; x_wconf 83' lang='lat' dir='ltr'>consueto</span> <span class='ocrx_word' id='word_1_70' title='bbox 1593 774 1795 815; x_wconf 79' lang='lat' dir='ltr'>indebite</span> <span class='ocrx_word' id='word_1_71' title='bbox 1826 773 1948 829; x_wconf 78' lang='lat' dir='ltr'>pigat</span> <span class='ocrx_word' id='word_1_72' title='bbox 1976 786 2057 816; x_wconf 86' lang='lat' dir='ltr'>seu</span> 
     </span>
     <span class='ocr_line' id='line_1_11' title="bbox 497 843 2058 899; baseline 0.003 -17"><span class='ocrx_word' id='word_1_73' title='bbox 497 843 779 898; x_wconf 74' lang='lat' dir='ltr'>extorqueat,</span> <span class='ocrx_word' id='word_1_74' title='bbox 811 846 855 885; x_wconf 81' lang='lat' dir='ltr'>et</span> <span class='ocrx_word' id='word_1_75' title='bbox 903 844 1058 887; x_wconf 79' lang='lat' dir='ltr'>laudet</span> <span class='ocrx_word' id='word_1_76' title='bbox 1085 859 1163 888; x_wconf 86' lang='lat' dir='ltr'>seu</span> <span class='ocrx_word' id='word_1_77' title='bbox 1193 846 1311 888; x_wconf 86' lang='lat' dir='ltr'>bona</span> <span class='ocrx_word' id='word_1_78' title='bbox 1355 846 1445 887; x_wconf 79' lang='lat' dir='ltr'>fide</span> <span class='ocrx_word' id='word_1_79' title='bbox 1473 845 1664 887; x_wconf 79' lang='lat' dir='ltr'>retineat</span> <span class='ocrx_word' id='word_1_80' title='bbox 1708 844 1826 895; x_wconf 77' lang='lat' dir='ltr'>infra</span> <span class='ocrx_word' id='word_1_81' title='bbox 1878 847 2058 899; x_wconf 77' lang='lat' dir='ltr'>tempus</span> 
     </span>
     <span class='ocr_line' id='line_1_12' title="bbox 496 910 1020 957; baseline 0.01 -5"><span class='ocrx_word' id='word_1_82' title='bbox 496 910 582 953; x_wconf 87' lang='lat' dir='ltr'>sihi</span> <span class='ocrx_word' id='word_1_83' title='bbox 608 915 712 955; x_wconf 85' lang='lat' dir='ltr'>ante</span> <span class='ocrx_word' id='word_1_84' title='bbox 739 916 1020 957; x_wconf 75' lang='lat' dir='ltr'>concessum.</span> 
     </span>
    </p>

    <p class='ocr_par' dir='ltr' id='par_1_4' title="bbox 442 982 2059 1678">
     <span class='ocr_line' id='line_1_13' title="bbox 554 982 2057 1042; baseline 0.002 -19"><span class='ocrx_word' id='word_1_85' title='bbox 554 982 616 1024; x_wconf 87' lang='lat' dir='ltr'>De</span> <span class='ocrx_word' id='word_1_86' title='bbox 643 982 731 1026; x_wconf 82' lang='lat' dir='ltr'>alio</span> <span class='ocrx_word' id='word_1_87' title='bbox 758 999 865 1027; x_wconf 80' lang='lat' dir='ltr'>vero</span> <span class='ocrx_word' id='word_1_88' title='bbox 892 986 1103 1041; x_wconf 85' lang='lat' dir='ltr'>capitulo,</span> <span class='ocrx_word' id='word_1_89' title='bbox 1129 988 1251 1042; x_wconf 85' lang='lat' dir='ltr'>quod</span> <span class='ocrx_word' id='word_1_90' title='bbox 1279 987 1446 1029; x_wconf 87' lang='lat' dir='ltr'>scilicet</span> <span class='ocrx_word' id='word_1_91' title='bbox 1470 986 1649 1042; x_wconf 80' lang='lat' dir='ltr'>justicia</span> <span class='ocrx_word' id='word_1_92' title='bbox 1672 986 1793 1028; x_wconf 82' lang='lat' dir='ltr'>tercii</span> <span class='ocrx_word' id='word_1_93' title='bbox 1823 999 1908 1027; x_wconf 88' lang='lat' dir='ltr'>non</span> <span class='ocrx_word' id='word_1_94' title='bbox 1936 985 2057 1027; x_wconf 82' lang='lat' dir='ltr'>leve-</span> 
     </span>
     <span class='ocr_line' id='line_1_14' title="bbox 493 1053 2057 1103; baseline 0.003 -9"><span class='ocrx_word' id='word_1_95' title='bbox 493 1054 580 1101; x_wconf 80' lang='lat' dir='ltr'>tur,</span> <span class='ocrx_word' id='word_1_96' title='bbox 612 1053 755 1097; x_wconf 90' lang='lat' dir='ltr'>donec</span> <span class='ocrx_word' id='word_1_97' title='bbox 799 1055 1011 1098; x_wconf 84' lang='lat' dir='ltr'>clamanti</span> <span class='ocrx_word' id='word_1_98' title='bbox 1057 1056 1103 1098; x_wconf 94' lang='lat' dir='ltr'>in</span> <span class='ocrx_word' id='word_1_99' title='bbox 1131 1071 1211 1100; x_wconf 91' lang='lat' dir='ltr'>suo</span> <span class='ocrx_word' id='word_1_100' title='bbox 1249 1058 1401 1100; x_wconf 86' lang='lat' dir='ltr'>debito</span> <span class='ocrx_word' id='word_1_101' title='bbox 1429 1057 1564 1100; x_wconf 77' lang='lat' dir='ltr'>fuerit</span> <span class='ocrx_word' id='word_1_102' title='bbox 1609 1056 1905 1103; x_wconf 75' lang='lat' dir='ltr'>satisfactum,</span> <span class='ocrx_word' id='word_1_103' title='bbox 1949 1056 2057 1098; x_wconf 81' lang='lat' dir='ltr'>dici—</span> 
     </span>
     <span class='ocr_line' id='line_1_15' title="bbox 495 1126 2059 1184; baseline 0.003 -20"><span class='ocrx_word' id='word_1_104' title='bbox 495 1136 597 1165; x_wconf 87' lang='lat' dir='ltr'>mus</span> <span class='ocrx_word' id='word_1_105' title='bbox 644 1127 686 1166; x_wconf 84' lang='lat' dir='ltr'>et</span> <span class='ocrx_word' id='word_1_106' title='bbox 714 1127 954 1169; x_wconf 87' lang='lat' dir='ltr'>statuendo</span> <span class='ocrx_word' id='word_1_107' title='bbox 999 1128 1353 1182; x_wconf 79' lang='lat' dir='ltr'>pronunciamus</span> <span class='ocrx_word' id='word_1_108' title='bbox 1381 1129 1501 1184; x_wconf 88' lang='lat' dir='ltr'>quod</span> <span class='ocrx_word' id='word_1_109' title='bbox 1532 1129 1576 1170; x_wconf 89' lang='lat' dir='ltr'>in</span> <span class='ocrx_word' id='word_1_110' title='bbox 1627 1128 1822 1170; x_wconf 76' lang='lat' dir='ltr'>levanda</span> <span class='ocrx_word' id='word_1_111' title='bbox 1875 1126 2059 1182; x_wconf 77' lang='lat' dir='ltr'>justicia</span> 
     </span>
     <span class='ocr_line' id='line_1_16' title="bbox 442 1192 2056 1253; baseline 0.004 -20"><span class='ocrx_word' id='word_1_112' title='bbox 442 1220 446 1224; x_wconf 92' lang='lat'><em>-</em></span> <span class='ocrx_word' id='word_1_113' title='bbox 493 1192 599 1235; x_wconf 88' lang='lat' dir='ltr'>dicti</span> <span class='ocrx_word' id='word_1_114' title='bbox 626 1195 765 1244; x_wconf 76' lang='lat' dir='ltr'>tercii,</span> <span class='ocrx_word' id='word_1_115' title='bbox 797 1210 984 1252; x_wconf 87' lang='lat' dir='ltr'>semper.</span> <span class='ocrx_word' id='word_1_116' title='bbox 1028 1198 1239 1241; x_wconf 88' lang='lat' dir='ltr'>dominus</span> <span class='ocrx_word' id='word_1_117' title='bbox 1262 1200 1429 1241; x_wconf 88' lang='lat' dir='ltr'>bonam</span> <span class='ocrx_word' id='word_1_118' title='bbox 1474 1199 1614 1240; x_wconf 78' lang='lat' dir='ltr'>fidem</span> <span class='ocrx_word' id='word_1_119' title='bbox 1664 1201 1890 1253; x_wconf 74' lang='lat' dir='ltr'>agnoscat,</span> <span class='ocrx_word' id='word_1_120' title='bbox 1925 1201 1986 1245; x_wconf 86' lang='lat' dir='ltr'>nt,</span> <span class='ocrx_word' id='word_1_121' title='bbox 2018 1197 2056 1239; x_wconf 89' lang='lat' dir='ltr'>si</span> 
     </span>
     <span class='ocr_line' id='line_1_17' title="bbox 493 1263 2057 1324; baseline 0.003 -20"><span class='ocrx_word' id='word_1_122' title='bbox 493 1263 708 1307; x_wconf 86' lang='lat' dir='ltr'>clamanti</span> <span class='ocrx_word' id='word_1_123' title='bbox 734 1269 839 1309; x_wconf 82' lang='lat' dir='ltr'>ante</span> <span class='ocrx_word' id='word_1_124' title='bbox 867 1268 1151 1310; x_wconf 76' lang='lat' dir='ltr'>satisfactum</span> <span class='ocrx_word' id='word_1_125' title='bbox 1178 1269 1313 1312; x_wconf 78' lang='lat' dir='ltr'>fuerit</span> <span class='ocrx_word' id='word_1_126' title='bbox 1339 1269 1385 1310; x_wconf 90' lang='lat' dir='ltr'>in</span> <span class='ocrx_word' id='word_1_127' title='bbox 1410 1269 1591 1324; x_wconf 86' lang='lat' dir='ltr'>justicia.</span> <span class='ocrx_word' id='word_1_128' title='bbox 1635 1269 1844 1316; x_wconf 78' lang='lat' dir='ltr'>levanda,</span> <span class='ocrx_word' id='word_1_129' title='bbox 1895 1268 2057 1323; x_wconf 86' lang='lat' dir='ltr'>damp-</span> 
     </span>
     <span class='ocr_line' id='line_1_18' title="bbox 491 1325 2055 1396; baseline 0.004 -21"><span class='ocrx_word' id='word_1_130' title='bbox 491 1347 603 1376; x_wconf 88' lang='lat' dir='ltr'>num</span> <span class='ocrx_word' id='word_1_131' title='bbox 624 1335 809 1391; x_wconf 79' lang='lat' dir='ltr'>aliquod</span> <span class='ocrx_word' id='word_1_132' title='bbox 838 1325 1071 1394; x_wconf 82' lang='lat' dir='ltr'>pataretur</span> <span class='ocrx_word' id='word_1_133' title='bbox 1097 1342 1437 1396; x_wconf 73' lang='lat' dir='ltr'>(zpatcretur),</span> <span class='ocrx_word' id='word_1_134' title='bbox 1470 1340 1589 1382; x_wconf 85' lang='lat' dir='ltr'>dicta</span> <span class='ocrx_word' id='word_1_135' title='bbox 1614 1339 1794 1395; x_wconf 75' lang='lat' dir='ltr'>justicia</span> <span class='ocrx_word' id='word_1_136' title='bbox 1814 1353 1906 1381; x_wconf 88' lang='lat' dir='ltr'>non</span> <span class='ocrx_word' id='word_1_137' title='bbox 1932 1339 2055 1381; x_wconf 82' lang='lat' dir='ltr'>leve-</span> 
     </span>
     <span class='ocr_line' id='line_1_19' title="bbox 492 1406 2052 1459; baseline 0.003 -12"><span class='ocrx_word' id='word_1_138' title='bbox 492 1409 580 1453; x_wconf 72' lang='lat' dir='ltr'>tur,</span> <span class='ocrx_word' id='word_1_139' title='bbox 613 1406 755 1449; x_wconf 88' lang='lat' dir='ltr'>donec</span> <span class='ocrx_word' id='word_1_140' title='bbox 782 1408 995 1451; x_wconf 74' lang='lat' dir='ltr'>clamanti</span> <span class='ocrx_word' id='word_1_141' title='bbox 1022 1410 1068 1451; x_wconf 87' lang='lat' dir='ltr'>in</span> <span class='ocrx_word' id='word_1_142' title='bbox 1089 1424 1171 1452; x_wconf 92' lang='lat' dir='ltr'>suo</span> <span class='ocrx_word' id='word_1_143' title='bbox 1199 1411 1351 1453; x_wconf 84' lang='lat' dir='ltr'>debito</span> <span class='ocrx_word' id='word_1_144' title='bbox 1373 1410 1634 1459; x_wconf 57' lang='lat' dir='ltr'>satisfac-,ian</span> <span class='ocrx_word' id='word_1_145' title='bbox 1667 1411 1704 1453; x_wconf 88' lang='lat' dir='ltr'>si</span> <span class='ocrx_word' id='word_1_146' title='bbox 1734 1423 1840 1452; x_wconf 80' lang='lat' dir='ltr'>vero</span> <span class='ocrx_word' id='word_1_147' title='bbox 1876 1410 2052 1452; x_wconf 88' lang='lat' dir='ltr'>nullum</span> 
     </span>
     <span class='ocr_line' id='line_1_20' title="bbox 494 1478 2056 1536; baseline 0.003 -19"><span class='ocrx_word' id='word_1_148' title='bbox 494 1479 724 1532; x_wconf 87' lang='lat' dir='ltr'>pateretur</span> <span class='ocrx_word' id='word_1_149' title='bbox 744 1478 1037 1534; x_wconf 76' lang='lat' dir='ltr'>dispendium</span> <span class='ocrx_word' id='word_1_150' title='bbox 1066 1481 1162 1536; x_wconf 86' lang='lat' dir='ltr'>ipse</span> <span class='ocrx_word' id='word_1_151' title='bbox 1189 1481 1394 1523; x_wconf 91' lang='lat' dir='ltr'>clamatis</span> <span class='ocrx_word' id='word_1_152' title='bbox 1422 1481 1737 1535; x_wconf 72' lang='lat' dir='ltr'>(zelainans)‚</span> <span class='ocrx_word' id='word_1_153' title='bbox 1770 1480 1879 1536; x_wconf 85' lang='lat' dir='ltr'>quia</span> <span class='ocrx_word' id='word_1_154' title='bbox 1916 1480 2056 1523; x_wconf 74' lang='lat' dir='ltr'>facul-</span> 
     </span>
     <span class='ocr_line' id='line_1_21' title="bbox 494 1548 2047 1608; baseline 0.003 -19"><span class='ocrx_word' id='word_1_155' title='bbox 494 1550 609 1590; x_wconf 84' lang='lat' dir='ltr'>tates</span> <span class='ocrx_word' id='word_1_156' title='bbox 636 1548 889 1598; x_wconf 85' lang='lat' dir='ltr'>clamantis,</span> <span class='ocrx_word' id='word_1_157' title='bbox 920 1564 947 1592; x_wconf 85' lang='lat' dir='ltr'>a</span> <span class='ocrx_word' id='word_1_158' title='bbox 967 1565 1056 1606; x_wconf 87' lang='lat' dir='ltr'>quo</span> <span class='ocrx_word' id='word_1_159' title='bbox 1083 1552 1275 1607; x_wconf 88' lang='lat' dir='ltr'>petitum</span> <span class='ocrx_word' id='word_1_160' title='bbox 1304 1555 1384 1599; x_wconf 82' lang='lat' dir='ltr'>est,</span> <span class='ocrx_word' id='word_1_161' title='bbox 1423 1552 1656 1594; x_wconf 72' lang='lat' dir='ltr'>sufficiunt</span> <span class='ocrx_word' id='word_1_162' title='bbox 1675 1552 1733 1593; x_wconf 86' lang='lat' dir='ltr'>ad</span> <span class='ocrx_word' id='word_1_163' title='bbox 1784 1554 2047 1608; x_wconf 80' lang='lat' dir='ltr'>utrumque,</span> 
     </span>
     <span class='ocr_line' id='line_1_22' title="bbox 491 1617 1958 1678; baseline 0.004 -20"><span class='ocrx_word' id='word_1_164' title='bbox 491 1620 598 1659; x_wconf 91' lang='lat' dir='ltr'>tunc</span> <span class='ocrx_word' id='word_1_165' title='bbox 621 1617 801 1674; x_wconf 80' lang='lat' dir='ltr'>justicia</span> <span class='ocrx_word' id='word_1_166' title='bbox 826 1620 965 1662; x_wconf 83' lang='lat' dir='ltr'>levari</span> <span class='ocrx_word' id='word_1_167' title='bbox 994 1622 1150 1676; x_wconf 82' lang='lat' dir='ltr'>possit,</span> <span class='ocrx_word' id='word_1_168' title='bbox 1176 1625 1309 1678; x_wconf 85' lang='lat' dir='ltr'>prout</span> <span class='ocrx_word' id='word_1_169' title='bbox 1335 1623 1555 1664; x_wconf 85' lang='lat' dir='ltr'>acthenus</span> <span class='ocrx_word' id='word_1_170' title='bbox 1583 1622 1681 1664; x_wconf 76' lang='lat' dir='ltr'>fieri</span> <span class='ocrx_word' id='word_1_171' title='bbox 1709 1622 1958 1664; x_wconf 67' lang='lat' dir='ltr'>consuevit.</span> 
     </span>
    </p>

    <p class='ocr_par' dir='ltr' id='par_1_5' title="bbox 491 1688 2067 1957">
     <span class='ocr_line' id='line_1_23' title="bbox 550 1688 2052 1748; baseline 0.003 -18"><span class='ocrx_word' id='word_1_172' title='bbox 550 1689 662 1730; x_wconf 89' lang='lat' dir='ltr'>Item</span> <span class='ocrx_word' id='word_1_173' title='bbox 691 1690 933 1733; x_wconf 84' lang='lat' dir='ltr'>statuimus</span> <span class='ocrx_word' id='word_1_174' title='bbox 954 1692 1072 1748; x_wconf 88' lang='lat' dir='ltr'>quod</span> <span class='ocrx_word' id='word_1_175' title='bbox 1102 1693 1226 1735; x_wconf 86' lang='lat' dir='ltr'>curia</span> <span class='ocrx_word' id='word_1_176' title='bbox 1246 1694 1419 1735; x_wconf 87' lang='lat' dir='ltr'>domini</span> <span class='ocrx_word' id='word_1_177' title='bbox 1443 1693 1646 1747; x_wconf 81' lang='lat' dir='ltr'>Agantici</span> <span class='ocrx_word' id='word_1_178' title='bbox 1668 1688 1845 1734; x_wconf 83' lang='lat' dir='ltr'>nullum</span> <span class='ocrx_word' id='word_1_179' title='bbox 1868 1695 2052 1747; x_wconf 86' lang='lat' dir='ltr'>captum</span> 
     </span>
     <span class='ocr_line' id='line_1_24' title="bbox 492 1756 2067 1821; baseline 0.004 -22"><span class='ocrx_word' id='word_1_180' title='bbox 492 1758 692 1801; x_wconf 84' lang='lat' dir='ltr'>detineat</span> <span class='ocrx_word' id='word_1_181' title='bbox 720 1756 798 1815; x_wconf 81' lang='lat' dir='ltr'>pro</span> <span class='ocrx_word' id='word_1_182' title='bbox 825 1761 978 1817; x_wconf 89' lang='lat' dir='ltr'>aliquo</span> <span class='ocrx_word' id='word_1_183' title='bbox 1005 1762 1127 1804; x_wconf 76' lang='lat' dir='ltr'>civili</span> <span class='ocrx_word' id='word_1_184' title='bbox 1163 1764 1234 1805; x_wconf 82' lang='lat' dir='ltr'>vel</span> <span class='ocrx_word' id='word_1_185' title='bbox 1261 1764 1485 1806; x_wconf 86' lang='lat' dir='ltr'>criminali</span> <span class='ocrx_word' id='word_1_186' title='bbox 1532 1761 1715 1821; x_wconf 82' lang='lat' dir='ltr'>[cansa]‚</span> <span class='ocrx_word' id='word_1_187' title='bbox 1740 1763 1818 1819; x_wconf 88' lang='lat' dir='ltr'>qui</span> <span class='ocrx_word' id='word_1_188' title='bbox 1871 1763 1983 1805; x_wconf 67' lang='lat' dir='ltr'>volit</span> <span class='ocrx_word' id='word_1_189' title='bbox 2008 1765 2067 1805; x_wconf 77' lang='lat' dir='ltr'>et-</span> 
     </span>
     <span class='ocr_line' id='line_1_25' title="bbox 492 1829 2052 1890; baseline 0.003 -20"><span class='ocrx_word' id='word_1_190' title='bbox 492 1829 636 1883; x_wconf 88' lang='lat' dir='ltr'>possit</span> <span class='ocrx_word' id='word_1_191' title='bbox 662 1831 838 1886; x_wconf 82' lang='lat' dir='ltr'>ydonee</span> <span class='ocrx_word' id='word_1_192' title='bbox 865 1845 1040 1881; x_wconf 79' lang='lat' dir='ltr'>cavere,</span> <span class='ocrx_word' id='word_1_193' title='bbox 1067 1834 1154 1876; x_wconf 90' lang='lat' dir='ltr'>nisi</span> <span class='ocrx_word' id='word_1_194' title='bbox 1181 1834 1383 1877; x_wconf 86' lang='lat' dir='ltr'>criminis</span> <span class='ocrx_word' id='word_1_195' title='bbox 1411 1835 1606 1890; x_wconf 79' lang='lat' dir='ltr'>qualitas</span> <span class='ocrx_word' id='word_1_196' title='bbox 1628 1834 1819 1888; x_wconf 76' lang='lat' dir='ltr'>exigerit</span> <span class='ocrx_word' id='word_1_197' title='bbox 1860 1833 2052 1875; x_wconf 74' lang='lat' dir='ltr'>detineri</span> 
     </span>
     <span class='ocr_line' id='line_1_26' title="bbox 491 1900 1316 1957; baseline 0.006 -16"><span class='ocrx_word' id='word_1_198' title='bbox 491 1901 565 1941; x_wconf 80' lang='lat' dir='ltr'>vel</span> <span class='ocrx_word' id='word_1_199' title='bbox 591 1900 730 1955; x_wconf 79' lang='lat' dir='ltr'>judex</span> <span class='ocrx_word' id='word_1_200' title='bbox 757 1903 1016 1957; x_wconf 80' lang='lat' dir='ltr'>cognoverit</span> <span class='ocrx_word' id='word_1_201' title='bbox 1043 1904 1316 1946; x_wconf 85' lang='lat' dir='ltr'>faciendum.</span> 
     </span>
    </p>

    <p class='ocr_par' dir='ltr' id='par_1_6' title="bbox 492 1971 2050 2115">
     <span class='ocr_line' id='line_1_27' title="bbox 552 1971 2050 2031; baseline 0.003 -19"><span class='ocrx_word' id='word_1_202' title='bbox 552 1971 663 2014; x_wconf 89' lang='lat' dir='ltr'>Item</span> <span class='ocrx_word' id='word_1_203' title='bbox 693 1973 908 2030; x_wconf 72' lang='lat' dir='ltr'>volumus</span> <span class='ocrx_word' id='word_1_204' title='bbox 929 1975 1047 2029; x_wconf 78' lang='lat' dir='ltr'>qnod</span> <span class='ocrx_word' id='word_1_205' title='bbox 1079 1975 1299 2017; x_wconf 75' lang='lat' dir='ltr'>devesnm</span> <span class='ocrx_word' id='word_1_206' title='bbox 1328 1976 1627 2031; x_wconf 81' lang='lat' dir='ltr'>piscationum</span> <span class='ocrx_word' id='word_1_207' title='bbox 1650 1975 1823 2018; x_wconf 84' lang='lat' dir='ltr'>domini</span> <span class='ocrx_word' id='word_1_208' title='bbox 1844 1974 2050 2030; x_wconf 77' lang='lat' dir='ltr'>Agantici</span> 
     </span>
     <span class='ocr_line' id='line_1_28' title="bbox 492 2041 1155 2115; baseline 0.011 -33"><span class='ocrx_word' id='word_1_209' title='bbox 492 2041 550 2083; x_wconf 89' lang='lat' dir='ltr'>sit</span> <span class='ocrx_word' id='word_1_210' title='bbox 570 2042 805 2085; x_wconf 48' lang='lat' dir='ltr'>devesuni.</span> <span class='ocrx_word' id='word_1_211' title='bbox 1148 2086 1155 2115; x_wconf 48' lang='lat' dir='ltr'>f</span> 
     </span>
    </p>

    <p class='ocr_par' dir='ltr' id='par_1_7' title="bbox 487 2113 2050 2385">
     <span class='ocr_line' id='line_1_29' title="bbox 551 2113 2048 2177; baseline 0.003 -23"><span class='ocrx_word' id='word_1_212' title='bbox 551 2113 601 2154; x_wconf 88' lang='lat' dir='ltr'>In</span> <span class='ocrx_word' id='word_1_213' title='bbox 628 2116 842 2170; x_wconf 79' lang='lat' dir='ltr'>expensis</span> <span class='ocrx_word' id='word_1_214' title='bbox 874 2131 978 2159; x_wconf 71' lang='lat' dir='ltr'>vero</span> <span class='ocrx_word' id='word_1_215' title='bbox 1033 2132 1109 2172; x_wconf 83' lang='lat' dir='ltr'>per</span> <span class='ocrx_word' id='word_1_216' title='bbox 1159 2118 1396 2160; x_wconf 83' lang='lat' dir='ltr'>dominum</span> <span class='ocrx_word' id='word_1_217' title='bbox 1429 2118 1648 2172; x_wconf 64' lang='lat' dir='ltr'>AganticL</span> <span class='ocrx_word' id='word_1_218' title='bbox 1703 2121 1874 2165; x_wconf 50' lang='lat' dir='ltr'>contra‘</span> <span class='ocrx_word' id='word_1_219' title='bbox 1907 2117 2048 2177; x_wconf 72' lang='lat' dir='ltr'>dictos</span> 
     </span>
     <span class='ocr_line' id='line_1_30' title="bbox 493 2183 2050 2244; baseline 0.003 -20"><span class='ocrx_word' id='word_1_220' title='bbox 493 2183 704 2239; x_wconf 81' lang='lat' dir='ltr'>syndicos</span> <span class='ocrx_word' id='word_1_221' title='bbox 731 2186 882 2240; x_wconf 87' lang='lat' dir='ltr'>petitis</span> <span class='ocrx_word' id='word_1_222' title='bbox 911 2202 991 2243; x_wconf 78' lang='lat' dir='ltr'>pro</span> <span class='ocrx_word' id='word_1_223' title='bbox 1019 2192 1259 2244; x_wconf 81' lang='lat' dir='ltr'>proragala</span> <span class='ocrx_word' id='word_1_224' title='bbox 1286 2189 1450 2243; x_wconf 80' lang='lat' dir='ltr'>negotii</span> <span class='ocrx_word' id='word_1_225' title='bbox 1486 2189 1754 2237; x_wconf 79' lang='lat' dir='ltr'>difinitione,</span> <span class='ocrx_word' id='word_1_226' title='bbox 1785 2188 1893 2243; x_wconf 74' lang='lat' dir='ltr'>quia</span> <span class='ocrx_word' id='word_1_227' title='bbox 1930 2187 2050 2230; x_wconf 65' lang='lat' dir='ltr'>dic:—</span> 
     </span>
     <span class='ocr_line' id='line_1_31' title="bbox 487 2255 2047 2307; baseline 0.003 -12"><span class='ocrx_word' id='word_1_228' title='bbox 487 2255 565 2296; x_wconf 88' lang='lat' dir='ltr'>bat</span> <span class='ocrx_word' id='word_1_229' title='bbox 592 2255 837 2299; x_wconf 83' lang='lat' dir='ltr'>sindicatus</span> <span class='ocrx_word' id='word_1_230' title='bbox 860 2271 965 2301; x_wconf 84' lang='lat' dir='ltr'>suos</span> <span class='ocrx_word' id='word_1_231' title='bbox 993 2260 1049 2301; x_wconf 84' lang='lat' dir='ltr'>ab</span> <span class='ocrx_word' id='word_1_232' title='bbox 1076 2260 1203 2302; x_wconf 83' lang='lat' dir='ltr'>initio</span> <span class='ocrx_word' id='word_1_233' title='bbox 1233 2274 1318 2302; x_wconf 87' lang='lat' dir='ltr'>non</span> <span class='ocrx_word' id='word_1_234' title='bbox 1351 2261 1515 2307; x_wconf 75' lang='lat' dir='ltr'>valere,</span> <span class='ocrx_word' id='word_1_235' title='bbox 1546 2260 1777 2302; x_wconf 83' lang='lat' dir='ltr'>silentium</span> <span class='ocrx_word' id='word_1_236' title='bbox 1799 2259 1946 2301; x_wconf 82' lang='lat' dir='ltr'>cidem</span> <span class='ocrx_word' id='word_1_237' title='bbox 1969 2259 2047 2300; x_wconf 82' lang='lat' dir='ltr'>dc-</span> 
     </span>
     <span class='ocr_line' id='line_1_32' title="bbox 491 2326 1229 2385; baseline 0.007 -19"><span class='ocrx_word' id='word_1_238' title='bbox 491 2326 615 2368; x_wconf 88' lang='lat' dir='ltr'>mino</span> <span class='ocrx_word' id='word_1_239' title='bbox 642 2327 859 2370; x_wconf 84' lang='lat' dir='ltr'>duximus</span> <span class='ocrx_word' id='word_1_240' title='bbox 888 2329 1229 2385; x_wconf 87' lang='lat' dir='ltr'>imponendum.</span> 
     </span>
    </p>

    <p class='ocr_par' dir='ltr' id='par_1_8' title="bbox 488 2395 2044 2597">
     <span class='ocr_line' id='line_1_33' title="bbox 547 2395 2044 2456; baseline 0.003 -19"><span class='ocrx_word' id='word_1_241' title='bbox 547 2395 982 2441; x_wconf 84' lang='lat' dir='ltr'>Determinationem</span> <span class='ocrx_word' id='word_1_242' title='bbox 1011 2414 1117 2443; x_wconf 85' lang='lat' dir='ltr'>vero</span> <span class='ocrx_word' id='word_1_243' title='bbox 1169 2404 1209 2443; x_wconf 89' lang='lat' dir='ltr'>et</span> <span class='ocrx_word' id='word_1_244' title='bbox 1239 2402 1560 2444; x_wconf 77' lang='lat' dir='ltr'>diffinitionem</span> <span class='ocrx_word' id='word_1_245' title='bbox 1589 2402 1780 2443; x_wconf 79' lang='lat' dir='ltr'>aliorum</span> <span class='ocrx_word' id='word_1_246' title='bbox 1825 2400 2044 2456; x_wconf 79' lang='lat' dir='ltr'>capitulo-</span> 
     </span>
     <span class='ocr_line' id='line_1_34' title="bbox 488 2468 2043 2525; baseline 0.003 -18"><span class='ocrx_word' id='word_1_247' title='bbox 488 2479 607 2515; x_wconf 85' lang='lat' dir='ltr'>rum,</span> <span class='ocrx_word' id='word_1_248' title='bbox 638 2468 694 2508; x_wconf 86' lang='lat' dir='ltr'>ab</span> <span class='ocrx_word' id='word_1_249' title='bbox 724 2471 913 2524; x_wconf 85' lang='lat' dir='ltr'>utraque</span> <span class='ocrx_word' id='word_1_250' title='bbox 942 2473 1067 2525; x_wconf 82' lang='lat' dir='ltr'>parte</span> <span class='ocrx_word' id='word_1_251' title='bbox 1108 2472 1444 2525; x_wconf 78' lang='lat' dir='ltr'>productorum,</span> <span class='ocrx_word' id='word_1_252' title='bbox 1480 2472 1686 2513; x_wconf 78' lang='lat' dir='ltr'>videlicet</span> <span class='ocrx_word' id='word_1_253' title='bbox 1731 2471 1786 2513; x_wconf 74' lang='lat' dir='ltr'>dc</span> <span class='ocrx_word' id='word_1_254' title='bbox 1817 2484 1903 2511; x_wconf 86' lang='lat' dir='ltr'>non</span> <span class='ocrx_word' id='word_1_255' title='bbox 1929 2470 2043 2512; x_wconf 87' lang='lat' dir='ltr'>acci-</span> 
     </span>
     <span class='ocr_line' id='line_1_35' title="bbox 490 2535 1548 2597; baseline 0.006 -19"><span class='ocrx_word' id='word_1_256' title='bbox 490 2535 659 2591; x_wconf 74' lang='lat' dir='ltr'>piend&#39;o</span> <span class='ocrx_word' id='word_1_257' title='bbox 686 2539 950 2593; x_wconf 83' lang='lat' dir='ltr'>peccuniam</span> <span class='ocrx_word' id='word_1_258' title='bbox 978 2555 1057 2595; x_wconf 89' lang='lat' dir='ltr'>pro</span> <span class='ocrx_word' id='word_1_259' title='bbox 1085 2542 1289 2590; x_wconf 74' lang='lat' dir='ltr'>decretis,</span> <span class='ocrx_word' id='word_1_260' title='bbox 1323 2546 1370 2583; x_wconf 84' lang='lat' dir='ltr'>ut</span> <span class='ocrx_word' id='word_1_261' title='bbox 1396 2556 1548 2597; x_wconf 84' lang='lat' dir='ltr'>supra;</span> 
     </span>
    </p>

    <p class='ocr_par' dir='ltr' id='par_1_9' title="bbox 486 2608 2040 2880">
     <span class='ocr_line' id='line_1_36' title="bbox 546 2608 2040 2669; baseline 0.001 -19"><span class='ocrx_word' id='word_1_262' title='bbox 546 2608 599 2650; x_wconf 86' lang='lat' dir='ltr'>Et·</span> <span class='ocrx_word' id='word_1_263' title='bbox 637 2609 759 2664; x_wconf 89' lang='lat' dir='ltr'>quod</span> <span class='ocrx_word' id='word_1_264' title='bbox 787 2613 947 2664; x_wconf 83' lang='lat' dir='ltr'>petunt</span> <span class='ocrx_word' id='word_1_265' title='bbox 974 2612 1163 2666; x_wconf 83' lang='lat' dir='ltr'>predicti</span> <span class='ocrx_word' id='word_1_266' title='bbox 1209 2613 1384 2659; x_wconf 76' lang='lat' dir='ltr'>sindici,</span> <span class='ocrx_word' id='word_1_267' title='bbox 1415 2614 1537 2669; x_wconf 82' lang='lat' dir='ltr'>quod</span> <span class='ocrx_word' id='word_1_268' title='bbox 1577 2614 1789 2655; x_wconf 90' lang='lat' dir='ltr'>dominus</span> <span class='ocrx_word' id='word_1_269' title='bbox 1833 2611 2040 2667; x_wconf 80' lang='lat' dir='ltr'>Agantici</span> 
     </span>
     <span class='ocr_line' id='line_1_37' title="bbox 488 2679 2039 2738; baseline 0.003 -19"><span class='ocrx_word' id='word_1_270' title='bbox 488 2692 580 2720; x_wconf 88' lang='lat' dir='ltr'>non</span> <span class='ocrx_word' id='word_1_271' title='bbox 608 2679 751 2734; x_wconf 90' lang='lat' dir='ltr'>possit</span> <span class='ocrx_word' id='word_1_272' title='bbox 778 2693 859 2722; x_wconf 87' lang='lat' dir='ltr'>nec</span> <span class='ocrx_word' id='word_1_273' title='bbox 887 2681 1050 2724; x_wconf 81' lang='lat' dir='ltr'>debeat</span> <span class='ocrx_word' id='word_1_274' title='bbox 1077 2682 1284 2725; x_wconf 70' lang='lat' dir='ltr'>homines</span> <span class='ocrx_word' id='word_1_275' title='bbox 1314 2684 1418 2726; x_wconf 77' lang='lat' dir='ltr'>villc</span> <span class='ocrx_word' id='word_1_276' title='bbox 1464 2684 1685 2738; x_wconf 80' lang='lat' dir='ltr'>Agantici,</span> <span class='ocrx_word' id='word_1_277' title='bbox 1718 2684 1785 2726; x_wconf 75' lang='lat' dir='ltr'>vel</span> <span class='ocrx_word' id='word_1_278' title='bbox 1839 2683 2039 2738; x_wconf 73' lang='lat' dir='ltr'>aliquem</span> 
     </span>
     <span class='ocr_line' id='line_1_38' title="bbox 487 2748 2038 2811; baseline 0.003 -21"><span class='ocrx_word' id='word_1_279' title='bbox 487 2762 545 2790; x_wconf 84' lang='lat' dir='ltr'>cx</span> <span class='ocrx_word' id='word_1_280' title='bbox 572 2748 652 2797; x_wconf 90' lang='lat' dir='ltr'>eis,</span> <span class='ocrx_word' id='word_1_281' title='bbox 683 2751 951 2805; x_wconf 83' lang='lat' dir='ltr'>compellere</span> <span class='ocrx_word' id='word_1_282' title='bbox 975 2751 1314 2809; x_wconf 68' lang='lat' dir='ltr'>fidejussionem</span> <span class='ocrx_word' id='word_1_283' title='bbox 1345 2768 1423 2797; x_wconf 87' lang='lat' dir='ltr'>seu</span> <span class='ocrx_word' id='word_1_284' title='bbox 1458 2755 1806 2809; x_wconf 64' lang='lat' dir='ltr'>obligationem,</span> <span class='ocrx_word' id='word_1_285' title='bbox 1825 2755 2038 2811; x_wconf 82' lang='lat' dir='ltr'>cuiquam</span> 
     </span>
     <span class='ocr_line' id='line_1_39' title="bbox 486 2824 1602 2880; baseline 0.009 -20"><span class='ocrx_word' id='word_1_286' title='bbox 486 2833 563 2861; x_wconf 86' lang='lat' dir='ltr'>seu</span> <span class='ocrx_word' id='word_1_287' title='bbox 593 2834 650 2861; x_wconf 82' lang='lat' dir='ltr'>ex</span> <span class='ocrx_word' id='word_1_288' title='bbox 677 2835 964 2878; x_wconf 73' lang='lat' dir='ltr'>quacumque</span> <span class='ocrx_word' id='word_1_289' title='bbox 992 2837 1127 2865; x_wconf 68' lang='lat' dir='ltr'>causa</span> <span class='ocrx_word' id='word_1_290' title='bbox 1155 2824 1299 2866; x_wconf 73' lang='lat' dir='ltr'>lacere</span> <span class='ocrx_word' id='word_1_291' title='bbox 1327 2839 1406 2880; x_wconf 88' lang='lat' dir='ltr'>pro</span> <span class='ocrx_word' id='word_1_292' title='bbox 1427 2826 1602 2870; x_wconf 79' lang='lat' dir='ltr'>coslem:</span> 
     </span>
    </p>
   </div>
   <div class='ocr_carea' id='block_1_3' title="bbox 2080 0 2205 3299">
    <p class='ocr_par' dir='ltr' id='par_1_10' title="bbox 2080 0 2205 3299">
     <span class='ocr_line' id='line_1_40' title="bbox 2080 0 2205 3299; baseline 0 0"><span class='ocrx_word' id='word_1_293' title='bbox 2080 0 2205 3299; x_wconf 95' lang='lat' dir='ltr'> </span> 
     </span>
    </p>
   </div>
  </div>
 </body>
</html>
