2205 3299
1177 120 1422 163 -390-

524 230 653 272 dietis
675 229 963 271 dominabus.
1981 266 1983 268 ,

579 301 689 341 Item
720 299 1027 354 promittimus
1055 302 1099 341 et
1136 299 1437 341 convenimus
1464 299 1609 343 vobis.
1641 300 1761 354 quod
1788 312 1870 342 nos
1922 299 2084 341 rodde-

504 385 622 422 ⁴inus
651 374 688 411 el
735 371 967 412 tradennus
1003 370 1149 422 'vobis
1179 370 1377 424 plenarie
1431 371 1582 412 omnia
1637 374 1677 411 et
1707 370 1882 421 singula
1912 370 2077 413 instru-

517 435 689 491 menta,
721 443 774 484 ad
807 442 1005 497 predicta
1035 441 1162 483 vobis
1202 454 1340 504 supra
1367 441 1549 483 vendita
1594 435 1719 483 offan
1748 454 1905 483 eorum
1952 454 2078 483 secu-

522 512 1020 580 ritatemcpertinentia,
1051 525 1139 567 que
1167 511 1390 554 habemus
1419 512 1490 554 vel
1521 513 1687 554 habere
1715 525 1972 567 possumus.
2004 511 2073 553 vel

521 584 660 640 aliqui
682 584 852 626 habent
879 596 958 638 pro
986 582 1130 624 nobis.
1152 585 1157 597 ¹
2105 579 2111 583 '

578 657 689 698 Item
718 653 1024 709 promittimus
1052 655 1096 695 et
1121 653 1420 695 convenimus
1448 654 1594 699 vobis,
1633 653 1752 709 quod
1780 653 1845 694 nil
1873 651 2075 710 diximus

517 726 591 768 vel
619 725 809 768 fecimus
836 738 955 766 nunc
985 724 1055 766 vel
1085 723 1130 765 in
1169 718 1397 778 preterito,
1429 724 1633 765 dicemus
1662 724 1733 765 vel
1783 723 2002 766 faciemus
2030 723 2077 765 in

514 798 734 844 futurum,
768 809 848 851 per
892 809 972 837 nos
1000 794 1074 836 vel
1119 807 1200 849 per
1238 794 1484 855 aliumseu
1544 794 1672 849 alios,
1703 794 1856 851 aliqua
1905 793 2076 837 ratione

517 853 592 910 rel
617 862 918 922 causa,'quod
948 864 1209 920 prescriptis
1236 865 1306 906 vel
1354 865 1651 920 sequentibus
1679 865 1862 920 aliquod
1882 910 1893 919 ,
1913 864 2077 910 afferat

513 941 854 981 nocumentum.
1335 986 1338 988 Δ
1440 934 1452 937 “

575 1009 668 1059 Que
694 1007 848 1051 omnia
875 1009 918 1049 et.
945 1006 1121 1061 singula
1142 1006 1450 1062 suprascripta
1475 1008 1530 1048 et·
1550 1020 1706 1048 eorum
1727 1007 1961 1063 quodlibet
2010 1008 2077 1048 at-

512 1080 711 1127 tendere,
741 1078 985 1132 complere,
1017 1091 1200 1120 servare
1228 1080 1273 1119 et
1299 1077 1540 1125 custodire,
1572 1080 1615 1118 et
1642 1090 1875 1132 nunquam
1905 1077 1950 1118 in
1994 1077 2076 1120 ali-

512 1164 603 1207 quo
630 1151 785 1192 contra
812 1149 982 1190 venire.
1009 1148 1257 1190 asserimus
1285 1150 1329 1190 et
1350 1148 1672 1202 promittimus,
1704 1161 1784 1203 per
1811 1147 1949 1190 fidem
1973 1162 2075 1191 nos-

512 1226 630 1263 tram
657 1219 877 1276 plevitam
904 1222 948 1261 et
967 1218 1250 1274 requisitam,
1283 1218 1413 1260 vobis
1443 1218 1781 1273 stipulantibus,
1809 1219 2076 1262 renuncian-

513 1297 581 1334 tes
608 1292 798 1358 indesex
825 1268 946 1332 ce⁸rta
997 1290 1192 1337 sciencia
1225 1289 1538 1344 appellationi.
1570 1290 1606 1331 si
1641 1303 1843 1344 unquam
1893 1289 1948 1332 lis
1975 1292 2075 1332 orta

512 1363 647 1405 fuerit
668 1376 749 1417 pro
777 1361 1011 1417 premissis
1039 1361 1108 1402 vel
1138 1360 1290 1418 aliquo
1318 1360 1661 1415 premissorum,
1693 1360 1784 1401 doli
1812 1362 1855 1402 et
1899 1360 2076 1404 fraudis

512 1432 773 1488 excepcioni
795 1435 839 1474 et
864 1432 911 1472 in
934 1431 1116 1478 tactum,
1148 1434 1191 1473 et
1206 1419 1425 1473 ‘omnibus
1446 1431 1546 1473 aliis
1568 1431 1753 1473 auxiliis
1775 1435 1819 1473 et
1839 1431 2074 1474 beneficiis

512 1504 624 1559 juris
651 1502 806 1558 scripti
833 1504 877 1544 et
927 1515 1018 1543 non
1045 1501 1212 1556 scripti.
1244 1501 1411 1557 quibus
1447 1504 1602 1543 contra
1630 1501 1829 1556 predicta
1850 1502 1922 1543 vel
1959 1515 2075 1557 ,pre-

514 1575 738 1617 dictorum
773 1574 957 1629 aliquod
1009 1572 1182 1619 venire,
1206 1571 1460 1629 :defendere
1513 1585 1592 1614 seu
1623 1571 1784 1627 juvare
1835 1577 1918 1615 nos
1970 1586 2076 1628 pos-

512 1659 680 1688 semus.
2037 1642 2044 1645 ’

569 1719 680 1760 Acta
706 1719 812 1759 sunt
833 1716 914 1758 hec
942 1716 1023 1764 rite
1051 1718 1095 1757 et
1139 1715 1454 1770 sollempniter
1480 1715 1526 1756 in
1554 1715 1964 1770 Montepessulano‚
2024 1714 2071 1756 in
2134 1766 2145 1768 ἡ

510 1789 615 1831 aula
641 1787 814 1830 domini
842 1786 1042 1842 episcopi
1064 1786 1268 1841 predict-i,
1299 1785 1346 1827 in
1372 1786 1546 1841 capella
1595 1799 1679 1828 sua
1705 1788 1866 1828 vocata
1917 1786 2070 1828 Sancti

509 1859 644 1906 Petri,
676 1858 885 1910 edificata
912 1857 957 1898 in
978 1858 1098 1899 dicta
1123 1857 1241 1906 aula,
1273 1856 1484 1904 videlicet
1509 1870 1627 1899 anno
1654 1856 1883 1898 Dominice
1924 1856 2072 1898 Incar-

510 1929 705 1972 nationis
732 1930 792 1971 Μο
819 1929 870 1970 Π”
899 1928 1404 1982 octuagesimooctavo.
1437 1928 1606 1969 scilicet
1632 1927 1700 1968 V²⁰
1729 1939 1872 1970 nonas
1893 1927 2066 1975 marcii,

507 2003 723 2055 regnante
751 1999 936 2052 domino
957 1999 1164 2054 Philippo
1192 2012 1294 2052 rege
1334 1999 1622 2043 Francorum,
1654 1998 1701 2040 in
1741 1999 1976 2053 presencia
2026 2001 2070 2040 et

506 2072 777 2126 testimonio
806 2069 1082 2121 venerabilis
1109 2069 1156 2111 in
1182 2068 1358 2111 Christo
1411 2068 1552 2124 patris
1599 2069 1771 2111 domini
1802 2055 1961 2111 'Poncii
2012 2069 2067 2111 de

507 2143 744 2188 Cauillaco,
783 2141 939 2182 divina
987 2140 1284 2195 permissione
1336 2140 1514 2182 abbatis
1541 2140 1716 2182 Ananie
1763 2139 2062 2194 (zAniane),

506 2214 670 2256 nobilis
698 2213 784 2254 viri
812 2211 984 2254 domini
1011 2211 1129 2254 Petri
1151 2210 1290 2253 Peleti
1320 2211 1493 2253 domini
1521 2210 1679 2257 Alesti,
1713 2211 1887 2253 domini
1915 2211 2067 2253 Adhe-

507 2284 636 2327 marii
684 2284 739 2325 de
766 2282 1067 2338 Capreirolliis
1119 2282 1335 2337 prepositi
1363 2281 1711 2336 Magalonensis.
1745 2281 1918 2323 domini
1945 2282 2066 2324 Petri

504 2356 653 2396 Dorna
691 2353 993 2396 archidiaconi
1022 2351 1353 2407 Magalonensis
1398 2355 1442 2394 et
1470 2351 1631 2407 prioris
1661 2352 1811 2394 Sancti
1863 2352 1982 2394 Petri
2010 2353 2066 2394 (le

505 2419 901 2477 Montearbedone,
934 2423 1105 2466 domini
1132 2423 1346 2465 Bel-nardi
1376 2423 1430 2464 de
1458 2422 1723 2464 viridissioe
1754 2422 2063 2465 archidiaconi
2127 2425 2154 2475 J

505 2495 838 2551 Magalonensis
866 2498 910 2536 et
961 2494 1120 2548 prioris
1150 2495 1310 2536 Sancte
1340 2493 1525 2541 Eulalie‚
1553 2518 1556 2521 ι
1580 2493 1752 2534 domini
1807 2493 2063 2548 Berengarii
2143 2543 2149 2546 .

505 2570 560 2611 de
588 2566 814 2611 Omelacio
841 2565 1023 2607 sacriste
1051 2564 1399 2618 Magalonensis,
1432 2564 1604 2605 domini
1634 2564 1815 2606 Hennos
1842 2565 1898 2605 de
1925 2565 2065 2606 Roca-
2126 2567 2152 2606 2*-

505 2639 648 2682 ficcha
676 2637 838 2693 prioris
885 2635 1037 2678 Sancti
1083 2634 1301 2690 Dyonisii‚
1333 2635 1507 2675 domini
1535 2635 1780 2676 Bremundi
1809 2635 1863 2676 de
1892 2634 2065 2687 Monte-
2108 2644 2139 2690 ².

505 2709 690 2754 ferrario
719 2707 875 2749 militis
925 2709 969 2748 et
994 2705 1104 2761 juris
1131 2705 1276 2747 civilis
1329 2705 1609 2760 professoris,
1642 2705 1815 2747 domini
1859 2706 2063 2759 magistri
2124 2717 2140 2754 ς

514 2779 774 2833 Berengarii
800 2777 976 2820 Fredoli
1027 2775 1227 2818 canonici
1258 2775 1560 2818 Narbonensis
1585 2774 1660 2834 [et]
1689 2775 1883 2818 doctoris
1910 2765 2062 2818 dom-e!
2105 2779 2145 2822 «j
