2107 3404
778 211 1028 254 -301-

494 456 728 544 mcxcv.
761 484 814 491 —
842 459 900 503 30
925 459 1165 504 decembre
1193 459 1306 505 1287

161 594 607 635 Reconnaitnsance
626 598 658 634 ὰ.
675 597 897 644 Peveque
920 599 1032 636 d’un
1052 599 1141 637 flet
1160 600 1191 636 ὁ
1210 599 1516 638 Vssloneuvo.

172 726 305 769 Anno
331 726 562 771 Dominice
601 729 928 773 Incaruationis
978 730 1221 773 millesimo
1247 724 1557 774 ducentesimo
1607 745 1679 774 oc·

112 796 368 852 tuagesimo
395 798 606 854 septimo.
664 799 802 843 tercio
829 799 1050 844 kalendas
1100 800 1309 856 januarii,
1340 801 1525 845 domino
1574 801 1679 845 Phi-

110 864 236 922 lippo
261 868 668 929 rege-Francorum
695 874 929 926 regnante,
954 873 998 913 et
1024 871 1210 914 domino
1237 872 1506 927 Berengario
1526 872 1677 928 Mega-

109 936 284 981 lonensi
328 939 540 995 episcopo
597 940 836 989 existente,
891 953 974 996 ego
1024 941 1308 985 Reimundus
1359 942 1414 984 de
1464 943 1672 986 Pradinis

109 1007 391 1057 domicellus,
424 1023 506 1065 per
557 1023 629 1054 me
657 1014 702 1054 et
729 1024 810 1067 per
834 1011 1019 1054 Petrum
1070 1011 1331 1068 Reymundi
1358 1012 1414 1054 de
1464 1012 1673 1056 Pradinis

106 1077 292 1122 fratrem
321 1093 490 1130 meum,
533 1085 578 1125 et
602 1095 683 1138 per
709 1082 942 1125 dominam
968 1082 1227 1125 Alasaciam
1256 1094 1444 1125 uxorem
1496 1096 1664 1132 meam,

104 1152 151 1196 et
174 1149 407 1194 dominam
434 1152 738 1195 Alamandam
765 1165 953 1195 uxorem
981 1152 1087 1195 dicti
1115 1152 1265 1195 fratris
1292 1153 1397 1201 mei,
1443 1153 1662 1196 confiteor

104 1235 177 1265 me
204 1225 356 1264 tenere
384 1235 411 1264 a
460 1222 644 1265 domino
670 1222 941 1278 Berengario
984 1223 1293 1278 Magalonensi
1344 1223 1571 1279 episcopo,
1620 1227 1666 1267 et

102 1293 436 1338 successoribus
464 1293 557 1336 suis
583 1293 985 1348 Megalonensibus
1013 1293 1253 1350 episcopis,
1284 1294 1516 1350 quoddam
1567 1295 1665 1338 feu-

100 1365 209 1408 dum
236 1364 359 1421 quod
385 1364 607 1407 habemus
634 1367 679 1405 et
704 1366 911 1406 tenemus
938 1363 983 1405 in
1026 1363 1335 1419 jurisdictione
1387 1368 1431 1407 et
1457 1365 1661 1408 districtu

99 1435 234 1479 castri
259 1434 513 1482 Villenove‚
545 1434 643 1476 sive
670 1433 762 1476 sint
791 1433 977 1482 usatica,
1017 1433 1174 1482 saline,
1206 1437 1248 1476 et
1274 1434 1428 1477 omnia
1453 1435 1541 1477 alia
1567 1448 1664 1477 om-

98 1507 206 1550 nino
248 1505 362 1562 jura,
393 1518 482 1561 que
508 1505 731 1548 habemus
775 1504 823 1546 in
865 1503 1176 1559 jurisdictione
1203 1507 1248 1546 et
1296 1504 1503 1547 districtu
1553 1505 1660 1548 dicti

97 1576 246 1625 castri,
277 1578 465 1632 excepto
508 1575 708 1632 quodam
760 1575 961 1631 hospicio
989 1577 1144 1617 nostro
1195 1575 1317 1631 quod
1345 1574 1567 1618 habemus
1612 1577 1658 1618 in

94 1651 243 1692 castro
262 1647 515 1694 Villenove,
545 1646 670 1703 quod
720 1648 930 1688 tenemus
958 1659 986 1688 a
1011 1646 1197 1689 domino
1226 1645 1414 1689 sacrista
1462 1646 1658 1701 Magalo-

93 1718 236 1762 nensi.

151 1789 246 1841 Que
273 1788 430 1831 omnia
457 1791 663 1831 tenemus
685 1800 712 1830 a
762 1787 880 1830 dicto
907 1787 1092 1830 domino
1119 1787 1330 1843 episcopo
1356 1788 1413 1830 ad
1464 1787 1652 1829 feudum

91 1860 379 1908 honoratum;
411 1862 455 1902 et
498 1859 580 1902 hec
625 1871 890 1914 recognosco
937 1871 1019 1914 per
1066 1870 1135 1900 me
1163 1860 1207 1900 et
1245 1858 1414 1900 dictum
1467 1857 1651 1900 fratrem

90 1943 247 1973 meum
266 1933 312 1972 et
336 1929 478 1972 dictas
506 1942 673 1972 uxores
700 1933 893 1972 nostras.

148 2000 319 2044 Horum
347 2003 454 2043 sunt
496 2002 634 2043 testes
661 1999 917 2042 Bernardus
945 2000 1000 2042 de
1029 1999 1298 2055 Ruppeiixe„
1330 2000 1487 2042 Petrus
1532 2000 1650 2042 Ade-

72 2071 235 2135 ραι-ᾔ,
266 2071 426 2114 Petrus
452 2071 636 2119 Audiui,
667 2070 881 2113 dominus
908 2070 1101 2113 Poncius
1127 2070 1361 2117 Johannis‚
1393 2073 1438 2112 et
1464 2083 1547 2125 ego
1567 2071 1648 2112 Pe-

84 2144 181 2185 trus
207 2141 401 2190 Ricardi,
426 2142 634 2197 publicus
662 2141 862 2183 notarius
891 2140 1137 2196 supradicti
1159 2141 1333 2182 domini
1358 2141 1648 2195 Magalonen-

83 2213 146 2256 sis
173 2212 375 2268 episcopi
425 2213 473 2254 in
529 2213 746 2255 comitatu
772 2211 977 2267 Melgorii
1005 2214 1048 2253 et
1092 2211 1475 2258 Montisferrandi,
1507 2215 1551 2252 et
1571 2199 1573 2202 ¹
1594 2212 1641 2253 in

84 2286 179 2326 tota
203 2283 349 2339 ipsius
374 2283 699 2338 jurisdictione,
729 2282 809 2339 qui
835 2282 1081 2339 requisitus
1106 2282 1190 2324 hec
1215 2282 1263 2324 in
1290 2285 1442 2324 notam
1471 2281 1635 2336 secepi.

973 2424 1068 2463 (Reg.
1094 2425 1132 2459 A,
1156 2423 1212 2454 iol.
1230 2423 1270 2453 39
1287 2426 1345 2460 γ’).

236 2914 330 2945 Cart.
357 2914 399 2945 de
418 2914 506 2952 Mag.
529 2914 565 2945 Τ.
588 2913 634 2944 111
1345 2912 1384 2942 46
