2107 3404
741 177 993 227 1-293—

81 295 129 338 et
150 291 429 351 quibusdam
454 290 572 341 aliis.
601 303 719 349 quos
743 290 809 334 ibi
837 289 1085 335 votuerunt
1109 286 1300 339 habere:

142 362 375 422 Requis'ito
420 362 561 406 etiam
610 363 901 419 procuratore
927 358 1119 418 predicti
1155 357 1332 404 domini
1357 353 1557 418 episcopi
1607 362 1654 405 et

83 433 200 483 aliis,
217 432 298 492 qui
323 445 404 490 pro
431 431 615 476 domino
642 430 857 489 episcopo
884 430 948 474 ibi
969 432 1111 481 erant,
1142 434 1222 475 aut
1240 429 1462 475 haberent
1486 429 1653 489 produ-

83 517 185 548 cere
210 503 365 560 aliqua
387 503 707 552 instrumenta;

142 575 198 618 Et
221 573 280 618 ad
305 574 390 618 hoc
414 573 559 618 eciam
586 572 781 617 termino
807 571 874 617 eis
901 572 1023 621 dato,
1050 571 1147 630 qni,
1178 574 1283 628 post
1308 571 1480 617 dictum
1501 572 1655 618 termi-

86 657 197 687 num
224 644 444 687 dixerunt
469 657 517 687 se
537 656 675 699 super
700 642 784 686 hoc
810 643 936 686 nulla
962 643 1266 686 instrumenta
1290 641 1474 691 habere:

147 716 202 759 Et
244 715 388 771 petita
414 714 559 758 eciam
583 714 788 771 ipsarum
814 714 1016 771 parcium
1044 713 1293 764 voluntate;

147 785 342 830 Predicti
390 785 564 834 arbitri,
594 784 886 829 arbitratores
912 797 995 828 seu
1038 784 1303 829 amicabiles
1328 786 1656 843 compositores

89 856 517 914 pronuncIaverunt‚
568 855 914 898 declaraverunt
957 867 1117 898 omncs
1137 868 1299 899 causas
1323 868 1404 899 seu
1453 869 1585 900 casus
1610 860 1658 902 et

90 927 292 983 negocia,
321 940 410 983 que
434 926 533 982 jure
559 925 787 969 ordinario
814 925 887 968 vel
914 938 996 982 per
1019 925 1225 969 officinm
1252 926 1550 982 explicantur,
1575 941 1658 973 seu

91 997 310 1056 explicari
346 999 552 1055 possunt.
609 996 818 1054 cognosci
844 996 920 1040 vel
969 996 1264 1041 determinari
1288 997 1348 1042 ad
1389 998 1660 1056 jurisdictio·

91 1081 197 1113 nem
212 1068 467 1125 simplicem
489 1070 534 1111 et
556 1067 754 1111 mixtum
775 1067 1022 1125 imperinm
1050 1067 1346 1126 pertinentes.
1378 1072 1475 1114 tam
1499 1070 1659 1116 civiles

90 1152 233 1198 quam
252 1139 525 1186 criminales,
547 1152 627 1182 sen
650 1139 877 1194 pertinere
899 1138 1119 1187 valentes,
1138 1143 1183 1182 et
1203 1139 1347 1183 eciam
1369 1142 1653 1191 exercitium.

97 1211 264 1258 banna,
301 1209 514 1252 videlicet
539 1209 871 1265 instigationes,
901 1209 1141 1253 missiones
1167 1210 1215 1253 in
1253 1212 1588 1267 possessionem
1615 1216 1662 1258 et

98 1282 321 1325 bonorum
358 1280 685 1336 possessiones,
740 1282 784 1322 et
811 1280 1055 1323 tutelarum
1106 1281 1327 1331 dationes,
1375 1283 1680 1327 decretorum-

95 1350 479 1409 interpositioues.
507 1352 886 1394 testamentorum
908 1351 1236 1407 publicationes
1258 1356 1302 1395 et
1332 1353 1663 1398 insinuationes

97 1426 143 1466 et
166 1426 316 1466 cetera
341 1421 496 1466 omnia
521 1424 566 1464 et
601 1421 779 1476 singula
805 1421 864 1463 ad
889 1421 1251 1477 jurisdictionem
1281 1427 1325 1466 et
1355 1424 1551 1468 mixtum
1579 1427 1660 1468 im-

98 1493 276 1551 perium
304 1492 595 1549 pertinencia.
640 1495 684 1534 ct
711 1491 935 1547 pertinere
986 1493 1207 1540 valencia,
1239 1494 1285 1535 in
1335 1498 1660 1551 cognoscendo,

99 1563 422 1609 exammanda,
449 1565 492 1605 ct
513 1562 810 1610 delfiniemlo,
837 1566 876 1604 et
900 1566 1182 1619 minuendo,
1209 1565 1265 1607 acl
1288 1566 1450 1610 dictam
1476 1569 1664 1614 domum

100 1634 277 1690 Templi
306 1633 471 1676 milicie
498 1633 624 1676 etad
671 1633 821 1688 ipsum
853 1642 1177 1689 [ir-‘Cstpiol‘tnk
1234 1641 1415 1681 neminc-
1448 1643 1562 1685 dicte
1590 1644 1668 1686 do-

101 1718 222 1754 mus,
247 1706 473 1761 pertinere
496 1706 539 1746 et
566 1704 788 1759 pertinere
812 1704 975 1747 dehere
998 1705 1137 1748 libii-c
1166 1711 1210 1749 et
1232 1711 1373 1751 ceiam
1395 1714 1528 1765 pieno
1547 1714 1662 1769 jure,

100 1777 149 1820 in
176 1775 377 1833 predicto
405 1777 496 1819 toto
525 1777 784 1818 tenemento
821 1777 864 1818 ct
890 1775 937 1817 in
965 1776 1167 1831 qnalibet
1195 1777 1291 1833 ejus
1318 1783 1461 1835 parte;

162 1847 217 1890 Et
242 1846 390 1890 eidem
416 1845 575 1888 domui
601 1845 777 1900 Templi
804 1848 848 1887 et
874 1846 960 1900 ipsi
988 1849 1240 1902 preceptori
1272 1850 1665 1905 adjudicaverunt,

104 1921 150 1962 et
174 1918 439 1960 inconcusse
466 1916 525 1958 ad
571 1916 739 1958 dictam
768 1916 955 1959 domum
977 1917 1153 1973 Templi
1180 1921 1405 1975 pertinere
1431 1925 1671 1969 voluerunt

106 1993 151 2033 et
176 1990 487 2046 preceperunt.
518 2001 576 2030 ex
602 1987 772 2043 vigore,
798 1987 959 2037 forma,
989 1989 1255 2033 auctoritate
1282 1994 1327 2034 et
1346 1997 1570 2049 potestate
1597 2010 1672 2041 su-

107 2073 189 2117 per
213 2060 297 2103 hoc
321 2060 379 2102 ab
405 2058 518 2114 ipsis
541 2058 748 2114 partibus
774 2057 840 2101 eis
866 2058 987 2108 data:
1179 2061 1182 2062 ’

168 2130 306 2174 Salvo
331 2132 378 2174 et
402 2132 576 2172 retento
601 2128 740 2186 qnod,
764 2127 811 2171 in
837 2142 891 2172 ea
910 2132 1038 2186 parte
1065 2133 1313 2176 tenementi
1334 2148 1416 2179 seu
1442 2138 1670 2190 territorii.

110 2201 233 2260 quod
258 2200 445 2258 quidem
473 2199 751 2242 territorium
778 2213 860 2243 seu
886 2203 1199 2245 tenementum
1220 2207 1289 2248 est
1313 2219 1341 2249 a
1365 2210 1559 2252 carreria
1584 2218 1674 2267 que

111 2272 275 2316 dicitur
308 2270 557 2326 vulgariter
596 2271 892 2319 Saunaressa,
922 2285 1004 2327 per
1053 2286 1190 2329 quam
1221 2272 1341 2335 [itur]
1370 2278 1425 2320 de
1477 2280 1675 2327 Lessano

112 2355 271 2386 versus
298 2341 740 2389 Montembasenum‚
771 2353 916 2397 usque
942 2342 999 2384 ad
1028 2343 1177 2385 rivum
1205 2357 1287 2387 seu
1312 2361 1383 2389 rec
1407 2350 1486 2405 qui
1513 2348 1677 2395 dicitur

114 2413 231 2457 Fons
257 2411 490 2459 Maurella‚
523 2414 658 2467 prout
683 2412 970 2467 protenditur
1020 2414 1276 2468 predictum
1327 2432 1398 2461 rec
1422 2433 1567 2478 usque
1616 2423 1677 2467 ad

113 2483 477 2540 jurisdiccionem
512 2479 889 2540 Cornoni[s]sicci,
920 2496 1065 2540 usque
1090 2485 1149 2527 ad
1175 2485 1374 2542 lapidem
1401 2504 1483 2534 seu
1527 2495 1681 2539 termi-

117 2566 244 2602 num,
273 2553 546 2595 limitantem
586 2552 844 2608 parrochias
895 2554 1079 2597 ecclesie
1107 2555 1260 2600 Sancti
1285 2560 1470 2607 Andree
1493 2565 1549 2610 de
1599 2569 1685 2613 Co-'

115 2625 236 2681 gollo
263 2627 308 2667 et
333 2623 487 2666 Sancti
531 2623 714 2666 Genesii
740 2623 797 2666 de
822 2623 999 2679 Gijano‚
1031 2626 1108 2681 qui
1157 2630 1379 2675 terminus
1407 2638 1475 2678 est
1500 2650 1528 2680 a
1552 2641 1680 2695 parte

118 2696 279 2738 dextra
302 2707 407 2737 cum
434 2694 525 2736 itur
549 2707 577 2736 a
625 2693 826 2736 Fabricis
852 2707 1013 2738 versus
1039 2696 1269 2752 mianum,
1301 2701 1347 2743 in
1391 2708 1570 2752 camino
1596 2712 1682 2755 Ro„

52 2795 56 2798 >
120 2778 269 2812 mem,
299 2765 466 2807 adicta
514 2764 707 2809 carraria
733 2764 1016 2809 Sannaressa
1067 2781 1226 2811 versus
1271 2772 1486 2828 Gijanum
1538 2778 1684 2839 usque

121 2835 181 2879 ad
206 2834 377 2878 dictum
405 2835 665 2883 terminum,
698 2834 894 2890 prefatas
916 2838 1177 2890 parrochias
1199 2840 1485 2896 limitantem,
1511 2850 1677 2895 dietum
