2040 3404
748 139 1035 208 —575-‘

98 275 279 318 solidos.

156 349 319 388 Actum
347 350 389 388 et
410 348 547 389 testes
576 348 622 387 ut
650 344 855 399 proxime
882 354 1032 398 supra.

978 485 1073 524 (Reg.
1097 484 1131 521 Β,
1153 483 1211 514 tol.
1230 482 1287 514 187
1308 485 1368 518 ν’).

542 769 768 812 CMLXIX.
802 794 855 800 ——
884 770 939 810 14
965 771 1071 810 aont
1102 767 1212 810 1293

140 939 213 975 Le
248 937 323 974 roi
343 937 402 973 de
438 936 634 972 Franco
673 934 798 971 offro
823 935 854 970 ὸ,
893 933 1110 979 pavaque
1132 934 1191 970 de
1230 935 1526 981 Maguelone
1564 947 1646 974 ses

93 997 248 1034 droits
286 1007 373 1033 sur
391 996 463 1032 les
507 995 638 1032 Juifs
658 995 718 1031 de
749 993 914 1030 Sauve
946 1003 1070 1039 pour
1088 993 1134 1030 le
1166 1004 1352 1030 revenu
1390 997 1572 1034 annual
1590 997 1650 1034 de

93 1056 164 1094 40
181 1056 332 1092 livres
352 1055 590 1092 toul-nois.

155 1202 281 1242 Anno
308 1200 364 1242 ab
394 1199 704 1242 incarnatione
733 1199 911 1241 Domini
937 1199 997 1240 Μθ
1023 1199 1334 1243 ducentesimo
1355 1202 1649 1257 nonagesimo

95 1271 241 1314 tertio.
273 1274 316 1313 et
347 1270 420 1312 die
450 1270 628 1312 veneris
657 1270 699 1311 in
741 1269 896 1325 vigilia
945 1271 1281 1325 Assumptionis
1307 1271 1441 1315 Beate
1493 1273 1646 1318 Marie.

94 1342 280 1384 domino
305 1341 513 1396 Philippo
541 1354 642 1395 rege
665 1341 937 1382 Francorum
968 1344 1194 1395 regnante,
1221 1342 1430 1384 noverint
1449 1343 1650 1386 universi

93 1413 216 1469 quod
253 1412 416 1454 nobilis
445 1412 514 1453 vir
539 1411 821 1454 Guiehardns
849 1412 903 1453 de
930 1411 1147 1454 Marziaco
1175 1413 1320 1457 miles,
1375 1418 1519 1456 rector
1544 1414 1650 1457 ville

94 1482 490 1538 Montispessulani
521 1496 600 1537 pro
628 1481 813 1524 domino
841 1484 991 1524 nostro
1019 1496 1121 1537 rege
1166 1483 1438 1527 Francorum
1468 1485 1645 1534 illustri,

99 1554 342 1610 deputatus
370 1555 417 1595 in
462 1553 545 1595 hoe
570 1567 596 1593 a
625 1552 764 1594 nobili
810 1553 908 1593 γῆν.)
960 1553 1146 1595 domino
1197 1553 1400 1597 Alfoneio
1427 1556 1483 1598 de
1509 1558 1654 1600 Rovo—

97 1639 205 1681 rayo
234 1624 374 1667 milite
402 1624 573 1666 domini
618 1623 750 1678 regis.
806 1625 1040 1666 senescalli
1088 1625 1322 1668 Bellieadri
1349 1630 1392 1668 et
1418 1628 1646 1676 Nemausi,

95 1696 362 1738 constitutus
384 1695 428 1736 in
468 1695 696 1750 presentia
746 1695 983 1737 reverendi
1010 1696 1055 1736 in
1083 1696 1257 1738 Christo
1309 1699 1448 1752 patris
1477 1700 1650 1742 domiai

97 1766 367 1821 Berengarii,
394 1766 470 1808 Dei
491 1766 636 1820 gratia
656 1766 987 1820 Magalonensis
1009 1767 1205 1822 episcopi
1228 1772 1271 1810 et
1290 1770 1468 1811 testium
1491 1771 1653 1815 infras-

96 1837 359 1893 criptorum,
408 1850 544 1892 super
594 1837 731 1879 asizia
772 1837 977 1879 facienda
1027 1839 1145 1881 dieto
1190 1840 1374 1883 domino
1425 1842 1649 1898 episeopo.

100 1909 312 1951 mandato
339 1908 510 1950 domini
539 1908 677 1950 nostri
701 1908 832 1961 regis,
894 1909 1240 1963 quingentarum
1292 1911 1507 1954 librarum
1538 1917 1655 1957 turo-

99 1980 306 2021 nensium
337 1979 471 2021 annui
519 1980 719 2021 rufianus
760 1981 929 2023 ratione
976 1983 1317 2035 permutationis
1365 1985 1476 2028 facte
1505 1985 1650 2045 [inter]

93 2055 244 2110 ipsum
270 2053 505 2096 dominum
527 2066 674 2108 regem
698 2057 739 2095 et
766 2053 933 2096 *lictum
963 2054 1239 2110 episeopum.
1271 2056 1325 2098 de
1346 2057 1651 2112 jurisdictione

95 2138 233 2182 quain
262 2125 453 2167 habebat
475 2125 619 2166 dietus·
655 2125 891 2180 episeopus
921 2126 964 2167 in
996 2127 1099 2168 villa
1127 2127 1539 2182 Montispessulani,
1573 2144 1651 2184 pro

95 2197 270 2240 assizia,
304 2196 453 2238 eidem
482 2196 667 2237 ‹loinino
696 2197 905 2251 episcopo
935 2197 1153 2241 facienda.
1184 2198 1403 2241 dictarum
1440 2201 1652 2256 quadrin-

94 2270 333 2320 gentarum
356 2266 455 2318 (sic)
492 2267 724 2308 librarum.
754 2267 883 2322 juxta
921 2268 1110 2310 [ormam
1139 2270 1448 2312 mandamenti
1482 2272 1655 2314 domini

94 2338 226 2393 regis.
260 2337 303 2379 in
331 2342 475 2379 castr)
504 2351 581 2379 svn
613 2338 719 2379 villa
745 2339 798 2379 do
839 2338 976 2380 Salve
1003 2342 1045 2381 et
1073 2340 1119 2380 in
1145 2339 1245 2382 aliis
1273 2341 1394 2388 loeis,
1425 2341 1543 2384 inter
1567 2343 1656 2386 alia

96 2422 184 2464 que
214 2408 493 2463 presentavit
521 2412 564 2450 et
586 2409 747 2450 obmlit
776 2410 920 2451 dietus
947 2409 1158 2452 dominus
1185 2410 1481 2459 Guiehardus,
1512 2415 1657 2456 nomi-

99 2492 152 2520 ne
179 2492 270 2535 quo
297 2492 447 2534 supra.
483 2480 598 2521 (licto
628 2480 812 2522 domino
833 2480 1044 2535 episcopo
1073 2494 1151 2535 pro
1173 2481 1291 2524 dicta
1310 2483 1471 2526 assizia
1492 2483 1649 2527 facien-

101 2549 175 2594 da.
209 2550 487 2605 presentavit
509 2554 551 2591 et
580 2550 739 2591 obtulit
770 2551 1001 2605 quandam
1029 2551 1295 2601 clausulam,
1326 2557 1582 2597 contentam
1610 2557 1654 2598 in

98 2619 399 2663 instrumento
430 2622 776 2676 permutationis
798 2622 1011 2677 predicte;
1035 2622 1163 2678 eujus
1187 2626 1312 2683 tenor
1332 2625 1432 2667 talis
1453 2629 1532 2668 est:

161 2750 268 2792 nem
300 2764 380 2806 pro
407 2752 563 2794 Judeis
590 2752 645 2794 de
673 2752 810 2795 Salve
860 2754 1162 2808 quadraginta
1207 2755 1342 2798 libras
1373 2760 1653 2803 turonenses,

99 2822 147 2861 et
176 2824 307 2875 prout
333 2823 533 2877 predicta
559 2824 713 2866 omnia
735 2824 777 2865 in
808 2823 1108 2867 instrumento
1160 2825 1264 2868 inde
1292 2825 1491 2868 coniecto
1521 2841 1656 2868 mann
