2205 3299
1222 99 1303 141 412
1335 125 1383 129 -

477 209 610 251 terris
637 209 687 250 G.
720 208 775 249 de
797 207 931 250 Villa.
963 210 1007 249 ct
1045 220 1146 248 curn
1179 206 1250 248 via
1279 206 1458 261 publica
1483 219 1571 262 que
1613 209 1680 248 est
1707 219 1846 261 prope
1873 206 2044 248 dictam.

476 279 799 322 condaminam
827 278 1159 321 confr-ontatum
1212 277 1313 331 (sic)
1347 290 1448 319 cum
1478 277 1597 319 dicta
1623 276 1910 324 condamina,
1965 277 2043 319 via,

475 350 523 391 in
544 350 709 397 medio;
738 352 782 391 et
808 349 882 391 illa
911 362 999 404 que
1026 350 1214 390 vocatur
1257 347 1461 393 Vinassa,
1493 347 1801 389 confronlatur
1825 360 1928 389 cum
1973 347 2043 388 vi-

476 434 564 463 nea
589 422 638 463 R.
672 421 727 462 de
755 421 926 467 Manso,
959 423 1003 461 et
1029 433 1085 460 cx
1112 419 1202 461 alia
1227 431 1328 460 cum
1356 419 1524 461 vallato
1551 419 1605 459 de
1637 417 1682 459 la
1714 417 1892 460 Truz‘ea.

538 493 590 534 Et
615 492 732 533 hanc
759 492 926 533 dictam
955 489 1308 544 recognitionem
1336 489 1436 531 dico
1464 493 1508 531 et
1552 503 1706 531 assero
1734 502 1833 531 esse
1860 502 2033 538 veram;

477 565 521 604 et
548 563 585 604 si
612 563 742 618 plura
788 562 964 606 scirem,
1008 574 1095 616 quc
1122 574 1149 603 a
1199 560 1317 603 dicto
1344 560 1530 602 domino
1582 561 1807 615 episcopo.
1863 560 2036 602 ratione

474 633 581 675 dicti
609 633 742 675 castri
770 633 825 675 de
858 631 1090 677 Brissiaco,
1122 634 1274 678 tenere
1303 631 1398 673 sive
1428 645 1507 686 pro
1537 631 1748 686 predictis
1788 630 1933 673 facere
1962 631 2039 672 dc-

478 704 632 746 berem
661 703 829 759 aliquid
862 703 978 758 plu&
1023 703 1172 745 eidem
1199 702 1392 744 facerem
1422 704 1465 743 et
1516 688 1900 755 recognoscerem,
1931 715 2034 743 cnm

473 775 531 817 ad
562 775 649 817 mei
677 774 888 817 noticiam
917 773 1166 816 deveniret.

533 847 610 889 Est
636 848 792 888 tamen
819 845 1054 887 sciendum
1106 845 1242 900 quod,
1270 845 1305 886 si
1359 844 1518 885 fierent
1548 843 1679 885 vinee
1708 844 1752 884 in
1803 844 2031 899 predictis.

475 922 633 960 teneor
658 917 848 959 reddere
871 919 1083 969 quartum
1107 927 1404 957 racemorum.

532 989 586 1031 Et
611 988 800 1042 insuper
825 987 1047 1029 confiteor
1067 986 1213 1034 vobis,
1245 986 1364 1028 dicto
1391 986 1578 1027 domino
1606 987 1700 1033 Pe„
1726 986 2034 1040 procuratorio

468 1059 668 1118 nomine,
700 1061 748 1100 ut
783 1058 954 1100 dictum
982 1061 1063 1105 est,
1089 1057 1210 1112 quod
1238 1046 1462 1112 predictas
1485 1060 1625 1098 terras
1653 1060 1697 1098 et
1724 1057 2034 1111 possessiones

471 1134 619 1177 teneo,
651 1132 695 1171 et
723 1132 873 1172 tenere
915 1129 1060 1171 debeo
1086 1129 1144 1171 ad
1172 1127 1360 1170 feudum
1388 1128 1446 1170 ab
1499 1127 1658 1170 codem
1687 1127 1871 1170 domino
1916 1128 2039 1183 epis-

470 1215 596 1257 copo,
615 1200 788 1243 ratione
809 1200 942 1242 castri
970 1200 1026 1242 de
1055 1199 1439 1247 Monteferrandm
1470 1202 1514 1241 et
1540 1213 1620 1254 pro
1643 1199 1855 1254 predictis
1884 1199 2032 1241 tidelis

469 1276 512 1314 et
538 1273 697 1327 legalis
725 1271 873 1313 eidem
904 1271 1091 1312 domino
1131 1270 1343 1325 episcopo
1385 1273 1429 1312 et
1456 1270 1550 1312 suis
1595 1283 1694 1312 esse
1725 1271 1937 1325 promitto
1989 1275 2043 1314 et*

470 1358 583 1400 juro.

526 1489 579 1531 Et
604 1501 688 1530 nos
708 1487 829 1529 idem
859 1487 1002 1528 ceiam
1029 1487 1104 1527 Pe.
1137 1486 1192 1526 de
1224 1485 1458 1526 Viridario.
1484 1485 1791 1540 procuratorio
1826 1487 2026 1534 nomine,

469 1563 519 1602 ut
545 1559 713 1602 dictum
767 1562 848 1605 cst,
881 1571 961 1612 pro
988 1557 1094 1612 ipso.
1138 1556 1323 1597 domino
1351 1556 1561 1610 episcopo
1607 1558 1650 1597 ct
1677 1556 1774 1611 ejus
1828 1557 2029 1605 nominc,

466 1631 714 1687 predictam
745 1627 1094 1683 recognitionem
1124 1627 1383 1681 recipimus,
1416 1630 1460 1668 et
1492 1641 1571 1682 pro
1605 1627 1714 1675 suis,
1746 1627 1930 1669 nominc
1959 1627 2027 1670 sui

466 1700 681 1758 episcopi
713 1700 839 1742 salvo
866 1699 912 1741 in
934 1698 1146 1741 omnibus
1173 1697 1271 1753 jure
1293 1711 1375 1740 suo
1403 1701 1446 1739 et
1473 1711 1674 1739 suorum.

525 1774 660 1815 Facta
686 1771 770 1813 fuit
789 1771 872 1813 hec
893 1769 1153 1825 recognitiQ
1177 1768 1307 1824 juxta
1334 1768 1451 1810 fores
1482 1769 1668 1811 ecclesie
1695 1769 1750 1811 de
1778 1770 2030 1813 Cassilacco

464 1857 616 1887 coram
644 1843 701 1885 ad
751 1842 835 1884 hoc
862 1840 1032 1883 vocatis
1073 1843 1117 1882 et
1160 1840 1327 1895 rogatis
1373 1840 1579 1884 testibus.
1611 1840 1779 1882 scilicet
1829 1841 2030 1883 dominis

464 1915 708 1959 Guillelmo
736 1912 993 1958 Arcinaudi,
1036 1912 1225 1966 Hugone
1252 1911 1308 1952 de
1339 1909 1491 1951 Galam
1520 1911 1755 1959 militibus,
1810 1913 2029 1966 magistro

468 1988 520 2030 R.
564 1986 620 2028 dc
655 1984 865 2039 Anglaris
892 1983 1081 2025 notario.
1130 1983 1260 2023 Petro
1288 1985 1331 2023 ot
1376 1982 1549 2036 Eigidio
1600 1982 1790 2029 Brocini,
1824 1982 1966 2036 (cleph.
1995 1983 2028 2026 :3’

467 2058 602 2112 cent.)
624 2056 671 2097 in
715 2057 808 2097 tota
846 2053 1034 2096 baronia
1072 2054 1127 2095 de
1166 2052 1408 2099 Rocas‘oli02
1434 2053 1529 2109 qui,
1560 2053 1774 2095 mandato
1803 2054 2022 2109 parcium,

464 2129 548 2170 hoc
575 2128 929 2170 instrumentum
957 2124 1189 2179 publicum
1217 2124 1375 2178 scripsi
1399 2126 1442 2165 ct
1468 2124 1596 2179 signo
1624 2137 1726 2166 mco
1748 2125 1942 2179 signavi,

1332 2266 1427 2304 «Κῶς.
1452 2267 1487 2301 C,
1503 2265 1563 2296 fol.
1583 2265 1644 2295 208
1664 2271 1723 2297 v·').
