2205 3299
1136 18 1381 59 *448*-

479 128 795 175 mouitionem,
826 130 871 169 et
896 126 1046 169 claves
1073 124 1216 180 ipsius
1243 123 1379 166 forcie
1405 121 1555 164 omnis
1583 123 1629 162 et
1672 119 1916 162 forciarum
1940 116 2043 160 red-

481 199 585 241 dere
607 202 648 241 et
671 199 908 241 restituere
936 196 1034 239 sine
1056 195 1210 252 aliqua
1236 194 1394 237 fraude
1415 191 1726 249 promittimus
1746 193 1791 233 et
1810 194 2032 233 tenemur.

542 269 852 312 promittimus
880 268 1038 315 eciam,
1069 280 1150 322 pro
1178 265 1264 308 hiis
1289 264 1502 307 omnibus
1531 266 1576 305 et
1601 261 1790 317 singulis
1811 261 2040 316 supradic-

483 340 555 387 tis,
576 339 706 382 vobis
733 343 777 382 et
803 338 1138 382 successoribus
1159 335 1324 378 vestris
1345 333 1583 390 episcopis,
1602 346 1683 388 pro
1710 346 1757 375 se
1779 335 1824 375 et
1843 330 2040 374 Ecclesia

484 411 797 466 Magalonensi
825 408 1162 466 recipientibus,
1194 406 1462 450 fidelitatem
1488 404 1650 461 jurare,
1685 402 1928 446 servicium
1955 402 2039 444 im-

483 482 696 538 pendere.
729 484 770 522 ot
794 480 1052 523 hominium
1081 478 1230 521 facere
1257 477 1498 533 corporale.

537 625 734 667 Peractis
761 627 913 667 autem
965 623 1177 666 omnibus
1215 621 1438 664 universis
1491 623 1535 663 et
1562 618 1750 674 singulis
1776 632 1804 662 a
1854 619 2040 675 prefatis

477 696 675 738 dominis
701 695 808 737 dicti
828 695 928 742 loci,
960 697 1004 737 et
1031 693 1275 748 recognitis
1302 695 1346 735 ct
1372 691 1610 737 confessis,
1637 690 1798 746 prefati
1827 690 2039 733 (lominus

476 766 735 822 prepositus
762 765 1094 820 Magalonensis
1122 764 1269 820 primo
1304 766 1349 805 et
1376 761 1698 818 principaliter,
1729 764 1773 803 et
1798 762 1957 803 Petrus
1983 761 2038 803 dc

482 837 685 880 Gornone
713 840 758 879 et
796 837 955 879 Petrus
985 837 1040 878 de
1067 835 1266 877 Fabricis
1306 832 1547 880 domicelli,
1572 831 1886 880 incontinenti,
1911 832 2040 874 tactis

475 908 768 964 corporaliter
792 909 850 950 ab
877 907 941 949 eis
969 905 1264 949 sacrosanctis
1292 906 1487 960 quatuor
1512 903 1592 945 Dei
1632 902 1928 958 euvangeliis,
1960 902 2042 945 Ec-

477 980 612 1022 clesie
640 978 950 1033 Magalonensi
977 981 1022 1020 et
1072 990 1179 1032 sepe
1209 978 1459 1033 memorato
1510 974 1697 1017 domino
1749 973 2036 1030 Berengario,

479 1051 558 1093 Dei
585 1050 729 1105 gratia
755 1049 966 1104 episcopo
993 1047 1201 1104 ejusdem
1237 1045 1448 1089 Ecclesie.
1481 1045 1761 1088 sollemniter
1805 1045 2042 1100 stipulanti

477 1124 522 1163 et
548 1120 795 1177 recipienti,
829 1123 874 1162 et
899 1119 1113 1161 omnibus
1140 1117 1476 1160 successoribus
1498 1115 1596 1171 ejus
1617 1116 1840 1171 episcopis
1859 1116 2043 1171 jurave-

483 1196 589 1235 runt
615 1191 898 1238 fidelitatem,
931 1192 979 1231 ut
1005 1189 1052 1230 in
1097 1194 1269 1231 canone
1299 1186 1530 1230 fidelitatis
1558 1186 1735 1242 plenius
1763 1189 1831 1228 est
1856 1199 2044 1242 expres-

479 1277 596 1306 sum.
1512 1317 1516 1319 Α

540 1334 711 1376 Deinde
756 1333 888 1377 illico.
922 1332 1050 1374 nullo
1077 1332 1125 1373 in
1154 1331 1304 1373 medio
1331 1329 1590 1377 intervallo,
1645 1329 1779 1372 flexis
1829 1329 2039 1385 genibus,

481 1406 647 1462 junctis
674 1404 887 1447 manibus
915 1417 964 1446 ac
1009 1402 1290 1458 intrapositis
1318 1401 1436 1443 infra
1468 1413 1634 1443 manus
1660 1400 1823 1456 prefati
1868 1400 2043 1444 domini

486 1476 702 1533 episcopi,
756 1474 1011 1517 hominium
1045 1472 1240 1516 Ecclesic
1291 1471 1600 1526 Magalonensi
1650 1474 1694 1513 et
1719 1471 1807 1527 ipsi
1857 1471 2043 1514 domino

482 1548 694 1603 episcopo
722 1546 937 1593 iecerunt,
969 1548 1013 1587 et
1039 1545 1246 1586 homines
1274 1557 1380 1586 suos
1408 1556 1507 1585 esse
1537 1540 1611 1600 [et]
1639 1542 1847 1585 homines
1868 1556 2044 1586 succes·

481 1631 634 1661 sorum
662 1629 847 1660 suorum
875 1616 1019 1658 eciam
1059 1628 1158 1657 esse
1184 1617 1558 1669 recognoverunt,
1590 1616 1634 1655 et
1683 1626 1731 1655 se
1758 1617 1802 1655 et
1828 1626 1934 1656 suos
1983 1613 2042 1662 ad

475 1688 681 1745 predicta
701 1687 911 1730 facienda
937 1686 1136 1728 totaliter
1161 1687 1206 1728 et
1232 1684 1424 1726 firmiter
1449 1683 1783 1738 obligaverunt;
1813 1687 1858 1726 et
1886 1684 2042 1727 claves

477 1760 621 1803 eciam
650 1758 783 1800 lorcie
805 1757 913 1799 dicti
932 1757 1018 1799 loci
1039 1756 1190 1799 eidem
1211 1756 1396 1798 domino
1424 1755 1637 1810 episcopo
1666 1755 1915 1804 tradentes,
1939 1755 2040 1798 red·

478 1832 638 1873 dentes
666 1832 709 1872 et
731 1829 1037 1875 restituentes,
1070 1827 1330 1882 pariterque
1358 1826 1545 1868 forciam
1566 1826 1622 1868 de
1649 1825 1758 1868 Vico
1786 1826 2038 1881 predictam

481 1901 566 1943 sibi
594 1899 886 1942 restituendo.
918 1900 962 1940 et
988 1897 1300 1954 pocessionem
1321 1896 1467 1952 ipsius
1491 1896 1771 1951 corporalem
1800 1897 2037 1939 tradendo.

543 2038 666 2081 Unde
689 2051 796 2092 sepe
820 2040 1096 2079 memoratus
1117 2035 1329 2077 dominus
1361 2035 1600 2090 episcopus
1621 2035 1873 2090 sepedictus
1900 2035 2044 2078 domi-

485 2123 566 2152 nos
619 2108 917 2150 Ademarium
945 2106 1227 2162 prepositum
1277 2105 1662 2160 Magalonensem,
1694 2108 1739 2148 ct
1763 2106 1949 2148 Petrum
1983 2107 2040 2149 dc

481 2181 682 2222 Cornone
711 2182 755 2221 et
780 2179 966 2221 Petrum
987 2178 1043 2220 de
1064 2176 1262 2220 Fabricis
1289 2176 1565 2221 domicellos,
1596 2176 1803 2219 osculum
1825 2180 1948 2232 pacis
1977 2177 2044 2220 cis

483 2250 744 2306 prestando,
774 2249 898 2304 ipsos
925 2251 968 2290 et
995 2261 1102 2290 suos
1146 2247 1193 2288 in
1220 2260 1302 2289 sua
1327 2246 1532 2289 custodia
1558 2249 1602 2288 ct
1629 2247 1902 2302 protectione
1923 2256 2043 2291 rece‘·

482 2322 561 2376 pit.
1771 2365 1775 2368 >

540 2393 588 2434 In
616 2392 716 2447 ipsa
736 2391 873 2433 forcia
899 2391 954 2432 de
977 2390 1085 2431 Vico
1108 2390 1188 2432 hec
1208 2389 1362 2431 omnia
1387 2392 1487 2431 acta
1509 2388 1690 2432 fuerunt
1715 2403 1803 2446 que
1832 2391 2043 2445 superius

482 2462 781 2506 continentur.

542 2605 714 2648 Deinde
741 2604 864 2646 nullo
893 2604 1043 2646 medio
1094 2604 1376 2659 interposito,
1408 2604 1462 2644 de
1493 2603 1706 2646 mandato
1731 2602 1937 2658 ejusdem
1963 2604 2044 2646 do-

485 2677 597 2719 mini
625 2675 822 2731 episcopi
853 2678 896 2716 et
922 2675 1080 2716 eodem
1110 2677 1332 2729 presente.
1382 2673 1597 2728 magister
1623 2674 1782 2716 Petrus
1810 2674 2038 2723 Viridarii,
