2205 3299
1188 239 1241 244 -
1271 214 1358 257 238

534 317 677 361 Vallis
705 331 785 361 seu
812 318 1034 361 dictorum
1062 319 1278 369 locorum,
1309 319 1555 363 liberaliter
1581 319 1760 376 plenius
1787 319 1962 372 dantes,
1991 300 2100 373 con-j

534 389 760 437 cedentes,
792 402 872 432 seu
894 389 1029 432 etiam
1072 389 1285 432 facientes
1311 403 1394 447 per
1431 403 1513 434 nos
1540 394 1584 433 et
1609 403 1769 432 omnes
1797 392 1972 432 nostros
1998 401 2099 444 suc-

534 468 751 508 cessores,
782 459 958 503 futuros
986 460 1222 516 episcopos
1247 460 1607 515 Magalonenses,
1639 460 1845 515 predicta
1869 460 2027 514 omnia
2051 461 2117 516 et>
2174 469 2179 478 ²

535 530 716 586 singula
741 530 943 574 obtinere
966 534 1010 574 et
1030 531 1196 574 habere
1223 531 1429 587 perpetui
1452 531 1624 574 roboris
1651 530 1918 573 firmitatem
1945 529 2091 586 vobis,

536 602 864 658 prenominatis
892 601 1153 644 hominibus
1182 602 1345 644 nostris
1372 604 1416 644 et
1443 601 1617 645 notario
1645 604 1813 649 nostro,
1844 603 1894 643 ut
1937 612 2091 657 supra,

536 672 785 728 stipulanti,
807 672 1115 728 promittimus
1136 684 1217 727 per
1242 671 1584 727 stipulationem
1609 672 1807 714 validam
1833 674 1878 714 et
1897 670 2097 728 solegnp-
2135 704 2139 708 .

536 756 655 792 nem3
688 743 1019 791 renunciantes,
1051 743 1255 786 consulto
1281 756 1332 786 ac
1370 742 1576 791 scienter,
1606 742 1727 785 omni
1758 740 2013 800 exceptioni
2038 740 2118 796 (16,

536 813 639 856 (1016
666 815 710 856 et
735 813 781 855 in
814 813 999 862 factum,
1029 816 1074 855 et
1100 812 1321 856 beneficio
1348 813 1643 856 restitutionis
1689 813 1747 855 in,
1786 812 2026 868 integrum,
2045 813 2095 854 et

532 883 660 927 omni
684 883 787 940 juri,
817 898 907 941 quo
933 886 1089 927 contra
1113 884 1315 941 predicta
1341 898 1420 926 seu
1448 885 1648 939 ipsorum
1689 883 1861 939 aliqua,
1892 883 2096 933 valerent

533 957 737 1011 tempore
764 955 917 1012 aliquo
944 954 1161 1001 revocari,
1194 968 1274 997 seu
1301 954 1436 997 etiam
1466 954 1675 996 anullari.

591 1026 703 1069 Acta
727 1026 910 1069 fuerunt
934 1025 1016 1067 hec
1041 1025 1196 1067 omnia
1221 1028 1266 1067 et
1291 1025 1469 1079 singula
1495 1025 1753 1080 supradicta
1779 1023 1980 1072 Terralli,
2010 1036 2090 1066 an-

531 1110 590 1140 no
616 1096 941 1139 Incarnationis
968 1095 1198 1138 Dominice
1227 1095 1470 1138 millesimo
1498 1095 1810 1138 ducentesimo
1855 1097 2094 1151 septuage-
2128 1144 2131 1146 ,

530 1167 646 1210 simo
673 1170 817 1215 sexto,
848 1166 1058 1209 videlicet
1079 1156 1416 1221 quintodecimo
1437 1166 1655 1208 kalendas
1681 1165 1878 1221 augusti,
1902 1165 1948 1207 in
1993 1166 2094 1221 pre—
2195 1189 2200 1194 -

530 1237 683 1281 sencia
702 1241 747 1280 et
773 1235 1035 1287 testimonio
1082 1236 1257 1279 domini
1282 1226 1515 1293 Guillelmi
1542 1237 1665 1279 Fulci
1698 1237 1850 1291 legum
1896 1235 2093 1279 doctoris
2141 1224 2159 1248 ‘³
2181 1227 2199 1261 '⁴'

528 1311 573 1352 et
597 1308 800 1351 canonici
825 1308 1146 1357 Narbonensis,
1196 1308 1369 1351 domini
1408 1308 1640 1351 Guillelmi
1688 1307 1866 1351 Fredoli
1915 1306 2087 1356 militis,
2154 1303 2197 1359 :j

527 1378 754 1422 Guillelmi
783 1379 1004 1422 Johannis
1026 1379 1188 1435 prioris
1215 1378 1401 1422 ecclesie
1428 1379 1483 1421 (16
1511 1378 1866 1426 Montefcrrario,
1899 1378 2094 1434 Stepha-
2159 1384 2164 1393 ’
2189 1390 2195 1406 ¹

525 1450 573 1492 ni
599 1450 825 1493 Marcialis
852 1450 1014 1506 prioris
1041 1450 1236 1507 ‘ecclesie
1289 1450 1442 1492 Sancti
1487 1449 1613 1492 Pauli
1643 1450 1698 1492 (16
1744 1440 2086 1499 Μοιί166εῑῐῐι610,

492 1536 499 1543 ·
523 1520 728 1563 Arnaudi
755 1521 810 1563 (16
837 1520 1097 1576 Maruejolis
1124 1520 1368 1569 domicelli,
1398 1520 1617 1563 Johannis
1658 1520 1713 1563 de
1759 1520 1917 1563 Mauso
1942 1520 2092 1564 clerici
2127 1544 2129 1547 <
2159 1520 2173 1555 '1

523 1594 568 1634 et
593 1592 754 1634 notarii
781 1591 886 1634 dicti
914 1591 1088 1634 domini
1115 1591 1331 1647 episcopi,
1381 1591 1595 1634 Bernardi
1623 1591 1678 1634 de
1712 1591 1900 1647 <Campo
1927 1591 2098 1647 prioris*
2147 1612 2188 1631 „-

522 1662 709 1705 ecclesie
731 1662 787 1705 (16
815 1662 992 1711 Murlis,
1023 1665 1069 1704 ct
1093 1662 1399 1718 quorumdam
1426 1661 1636 1709 aliorum,
1669 1649 1714 1704 et
1742 1661 1831 1704 inei
1857 1662 2091 1705 Guillelmi

522 1733 577 1774 de
605 1732 747 1781 Valle,
779 1732 949 1788 publici
969 1731 1134 1774 notarii
1167 1732 1273 1774 (licii
1296 1732 1467 1774 domini
1495 1731 1694 1787 episcopi
1715 1735 1760 1774 ct
1806 1732 1948 1775 tocius
1977 1735 2090 1783 terre

520 1816 615 1851 sue,
647 1803 739 1859 qui,
795 1803 849 1845 de
880 1803 1094 1845 mandato
1121 1803 1225 1845 dieti
1277 1802 1449 1844 (filomini
1497 1803 1714 1858 episcopi,
1762 1806 2037 1859 rogatusque
2063 1817 2091 1847 a
2130 1835 2152 1845 -,

518 1874 847 1930 prenominatis
873 1874 1138 1918 hominibus
1166 1874 1283 1916 dicte
1316 1874 1451 1916 Vallis
1496 1862 1880 1923 Montisl'errandi,
1929 1874 2089 1931 scripsi
2150 1880 2170 1923 -ζ,

517 1957 672 1987 omnia
692 1947 737 1987 et
788 1944 970 1999 singula
1020 1943 1297 1999 supradicta,
1330 1944 1456 1986 etad
1510 1943 1731 2000 majorem
1773 1944 2088 2000 predictorum
2126 1957 2151 1976 Φ

517 2015 725 2057 omnium
751 2014 1034 2063 firmitatem,
1065 2014 1138 2056 hic
1162 2014 1356 2070 apposui
1383 2014 1566 2070 signum
1593 2028 1763 2058 meum.

967 2155 1066 2195 (Reg.
1089 2155 1126 2192 E,
1149 2155 1211 2186 fol.
1232 2154 1294 2186 243
1314 2159 1356 2193 r⁰;
1375 2155 1470 2186 edite
1489 2163 1555 2195 par
1574 2154 1742 2187 Germain
1796 2154 1799 2155 ⁷
1880 2196 1881 2200 Ἰ

863 2207 957 2240 dans
973 2200 1084 2239 Etude
1103 2206 1178 2239 hist.
1201 2216 1262 2240 sur
1282 2207 1328 2240 les
1349 2213 1470 2240 comtes
1490 2207 1531 2239 de
1550 2208 1753 2250 Maquelone
1765 2218 1799 2250 p.
1823 2202 1907 2250 116').

568 2331 679 2368 C‘est
698 2332 812 2369 l'acte
832 2332 869 2368 le
890 2331 983 2380 plus
1003 2334 1145 2368 ancien
1169 2342 1247 2379 que
1275 2342 1380 2368 nous
1401 2333 1690 2369 connaissions
1711 2345 1784 2369 sur
1815 2333 1856 2370 la'
1873 2323 2012 2371 Valiee
2034 2335 2082 2370 de

519 2391 815 2435 Montferrand3
833 2392 919 2427 voir
939 2402 1011 2427 sur
1031 2402 1106 2427 son
1141 2391 1419 2437 organisation
1442 2397 1480 2427 et
1502 2403 1576 2428 son
1600 2390 1948 2430 sonctio‘nnement
1969 2399 2081 2430 noli-e

521 2451 653 2486 etude:
677 2450 741 2486 La
755 2450 1009 2498 Republique
1030 2450 1078 2486 de
1098 2450 1398 2497 Alontser’rand
1418 2451 1519 2486 dans
1539 2451 1634 2488 Rev.
1659 2452 1765 2488 Hist.
1790 2451 1844 2489 du
1864 2453 2021 2501 diocese
2032 2454 2081 2489 de

520 2509 790 2556 Montpellier‘
808 2509 853 2545 T.
875 2510 904 2553 1,
927 2522 965 2557 p.
988 2509 1054 2545 :281
1079 2515 1118 2545 et
1139 2521 1199 2556 sq.
1224 2514 1264 2545 et
1284 2509 1354 2545 354
1375 2515 1415 2546 et
1436 2521 1497 2558 sq.
