2107 3404
798 123 850 128 —
879 95 963 139 431
995 121 1047 128 -

143 205 459 262 sollempniter
480 204 716 261 stipulanti
746 206 789 246 et
810 202 1061 258 recipienti,
1090 215 1172 258 pro
1197 199 1376 256 prefato
1403 199 1587 242 domino
1613 198 1706 241 Ma-

146 275 380 331 gellonensi
431 276 657 332 episcopo,
707 274 829 332 quod
857 287 938 316 vos
973 273 1118 316 dictus
1168 270 1381 313 dominus
1430 270 1699 325 Rostagnus,

146 346 330 389 nomine
358 349 403 389 et
429 346 527 388 vice
578 345 684 388 ‹licti
712 344 887 386 domini
926 341 1258 399 Megalonensis
1284 340 1498 397 episcopi,
1529 339 1705 383 satisfe-

146 415 270 459 cistis
290 417 436 466 nobis,
461 430 541 472 pro
587 416 707 458 dicto
734 415 918 457 domino
943 414 1108 457 comite
1136 411 1472 468 recipientibus,
1504 410 1704 466 plenarie

144 486 192 528 in
219 489 394 542 septem
421 490 465 530 et
508 487 664 530 decem
693 485 878 528 milibus
929 484 1177 528 solidorum
1229 482 1617 537 melgoriensium‚
1647 481 1702 522 de

145 557 234 600 illis
263 557 385 600 mille
413 558 540 600 libris
567 556 958 612 melgoriensiffls,
991 568 1080 612 que
1106 554 1340 597 restabant
1387 551 1702 595 tantummodo

146 641 287 684 penes
332 627 504 670 dictum
543 628 780 670 dominum
832 622 1097 682 episcopum
1150 624 1208 667 ad
1259 622 1530 666 solvendum
1581 622 1702 664 dicto

144 698 329 742 domino
350 699 519 748 comiti,
550 699 605 741 de
645 698 795 754 precio
824 697 1101 740 venditionis
1147 696 1262 739 facte
1290 709 1318 738 a
1350 694 1470 738 dicto
1522 693 1707 737 domino

142 769 304 812 comite
334 769 507 825 prelato
547 769 732 812 domino
770 767 1080 824 Magalonensi
1120 767 1349 823 episcopm
1381 766 1436 808 de
1487 768 1633 808 castro
1659 767 1704 807 et

142 842 404 883 tenemento
454 841 509 882 de
537 835 757 888 Brixiaeb,
789 842 832 882 et
883 838 1263 894 Braxchaquesio‚
1295 840 1339 880 et
1371 836 1563 879 eliorum
1615 849 1703 891 que

142 911 345 966 prefatus
372 911 585 954 dominus
622 924 774 954 comes
801 909 1009 953 vendidit
1035 909 1154 951 dicto
1182 907 1369 950 domino
1397 907 1623 962 episcopo,
1655 908 1704 948 ut

141 982 398 1025 continet-ur
422 981 468 1024 in
496 982 675 1024 duobus
697 980 1010 1024 instrumentis
1037 983 1082 1022 et
1108 979 1263 1022 effectis
1286 976 1597 1034 (zconfectis)
1625 970 1706 1032 per

141 1053 393 1096 Johannein
423 1054 478 1096 de
508 1054 673 1096 Sancto
700 1052 878 1095 Tiberio
906 1056 950 1093 et
983 1052 1166 1094 Petrum
1194 1050 1249 1092 de
1278 1047 1602 1092 Monthanhola
1628 1061 1705 1090 no·

143 1124 280 1167 tarios
309 1123 724 1180 Montispessulani;

203 1196 256 1238 Et
282 1208 396 1251 quas
441 1195 565 1237 mille
595 1195 735 1237 libras
765 1194 911 1237 dictus
957 1193 1169 1235 dominus
1221 1191 1459 1247 episcopus
1510 1190 1706 1232 debebat

142 1279 262 1308 nunc
288 1266 464 1308 solvere
492 1265 611 1308 dicto
641 1265 827 1308 domino
853 1264 1023 1312 comiti,
1055 1265 1103 1305 ut·
1129 1262 1386 1305 continetur
1413 1261 1460 1303 in
1505 1261 1705 1316 quodam

146 1336 470 1384 instrumento,
501 1336 620 1378 facto
649 1350 729 1391 per
755 1335 1034 1377 Bernardum
1062 1332 1266 1381 Bastern,
1309 1332 1535 1374 notarium
1581 1332 1707 1374 Mon—

143 1407 451 1462 tispessulani:

204 1479 265 1520 De
289 1478 456 1534 quibus
485 1481 660 1533 septem
688 1479 731 1520 et
758 1477 913 1520 decem
943 1476 1128 1518 milibus
1150 1474 1307 1517 solidis
1328 1472 1706 1528 melgoriensibus

144 1563 242 1597 nos,
274 1562 353 1604 pro
381 1549 498 1591 dicto
549 1547 735 1590 domino
762 1548 942 1595 comite,
992 1561 1019 1589 a
1062 1546 1193 1588 vobis
1223 1549 1268 1588 et
1293 1544 1468 1600 prefato
1520 1543 1705 1586 domino

144 1620 357 1675 episcopo
387 1623 594 1662 tenemus
621 1618 1018 1675 quamplurimum
1046 1631 1127 1673 pro
1149 1616 1346 1672 peccatis
1373 1618 1418 1657 et
1467 1617 1702 1667 contentis;

143 1690 191 1742 in
218 1691 388 1747 quibus
416 1688 609 1732 scienter
656 1693 700 1732 et
727 1703 940 1745 expresse
969 1688 1289 1731 renunciamus
1317 1685 1573 1742 exceptioni
1617 1701 1705 1730 non

146 1765 380 1804 numerate
409 1761 623 1816 pcccunie
652 1761 811 1803 habite
838 1774 919 1803 seu
946 1762 1137 1815 recepte.

205 1833 257 1874 Et
283 1830 338 1874 de
361 1832 573 1887 predictis
600 1835 776 1887 septem
805 1834 849 1873 et
874 1831 1032 1873 decem
1078 1830 1262 1871 milibus
1290 1829 1446 1871 solidis
1499 1829 1700 1884 melgori-

145 1903 347 1947 vasibus.
380 1903 606 1958 prelatum
645 1903 883 1944 dominum
932 1901 1300 1956 Magalonensem
1353 1900 1632 1955 episcopum,
1664 1902 1708 1942 et

148 1975 265 2016 bona
293 1987 390 2022 sua,
421 1977 463 2016 et
489 1974 601 2016 alios
641 1973 815 2016 covitos
843 1977 887 2015 et
933 1971 1241 2027 fidejussores,
1273 1974 1317 2013 et
1361 1983 1517 2012 eorum
1568 1971 1703 2019 bona,

147 2045 327 2087 nomine
351 2044 456 2087 dicti
478 2044 651 2085 domini
673 2043 849 2085 comitis
877 2047 922 2086 et
948 2056 1029 2098 pro
1051 2056 1118 2090 eo,
1150 2042 1333 2097 plenam
1354 2041 1701 2089 absolutionem,

146 2115 478 2164 remissionem,
509 2115 811 2171 quitationem
838 2117 881 2156 et
923 2115 1095 2156 bonum
1122 2112 1280 2161 tinem,
1319 2125 1436 2154 nunc
1463 2115 1507 2154 et
1534 2112 1579 2153 in
1607 2125 1707 2167 per-

148 2186 351 2243 petuum,
384 2188 428 2228 et
455 2189 635 2241 pactum
657 2185 881 2240 gencrale,
914 2183 1124 2240 speciale,
1162 2182 1295 2230 reale,
1346 2182 1598 2237 personale,
1649 2182 1703 2224 de

147 2271 238 2300 non
267 2257 462 2312 petendo
501 2257 666 2298 amodo
711 2257 854 2298 dictos
881 2255 1000 2297 XVII
1029 2254 1155 2296 milia
1181 2253 1446 2301 solidorum,
1472 2256 1516 2294 et
1536 2253 1590 2294 de
1618 2265 1707 2295 non

146 2328 338 2383 agendo,
392 2327 625 2370 occasione
671 2326 951 2374 eorumdem,
987 2329 1120 2381 prout
1166 2324 1344 2371 melius,
1395 2323 1549 2366 utilius
1600 2322 1702 2371 dici,

147 2397 306 2453 scripsi
332 2398 409 2452 (z
420 2397 588 2451 scribi),
618 2396 806 2451 intelligi
834 2409 914 2438 seu
942 2394 1185 2451 excogitari
1228 2397 1377 2450 potest
1397 2407 1476 2436 scu
1527 2393 1705 2449 poterit,

147 2468 204 2511 ad
231 2469 475 2510 comodum
503 2468 608 2510 dicti
636 2467 807 2509 domini
829 2466 1030 2522 episcopi
1056 2469 1100 2508 et
1127 2478 1311 2508 suorum
1339 2465 1596 2513 utilitatem;

207 2539 261 2582 Et
287 2538 423 2581 nichil
450 2538 650 2580 diximus
696 2538 959 2585 fecimusve‚
991 2537 1194 2579 dicemus
1222 2550 1303 2579 scu
1329 2535 1547 2578 faciemus
1574 2535 1620 2576 in
1641 2535 1710 2576 tu-

148 2612 324 2658 turum,
355 2609 601 2665 quominus
630 2609 878 2665 prescripta
905 2608 1061 2650 omnia
1112 2610 1156 2650 et
1187 2607 1370 2662 singula
1394 2607 1531 2649 robur
1573 2618 1708 2648 suum

149 2680 387 2723 obtineant
412 2680 746 2723 inconcussum.

210 2751 371 2793 Testes
398 2754 503 2792 sunt
528 2750 676 2793 vocati
714 2753 760 2792 et
787 2749 930 2804 rogati
956 2750 1258 2805 Raymundus
1285 2747 1500 2795 Balsone,
1543 2748 1714 2789 Dumn-
