2107 3404
755 153 1005 195 -465—

530 384 820 427 DCCCXXXI.
849 411 898 415 ——
929 386 954 427 5
988 385 1081 441 juin
1111 384 1225 428 1290

146 526 406 574 Ber-enger-
424 526 605 563 Fredol
625 536 803 562 accuse
823 526 1077 573 reception
1100 527 1159 564 de
1179 527 1228 563 la.
1253 528 1505 573 quittanee
1542 529 1653 575 pre-

99 585 304 623 cedente
324 596 389 622 au
409 585 673 622 collecteur·
692 585 1013 631 apostolique.

155 731 201 773 ln
228 731 411 773 nomine
438 730 631 772 Domini.
665 732 825 772 Amen.
857 730 1073 773 Noverint
1116 732 1371 774 universi...
1420 733 1540 788 quod
1569 747 1649 776 nos

98 801 411 856 Berengarius,
443 801 731 843 miseratione
760 801 915 844 divina
937 802 1266 856 Magalonensis
1288 803 1542 859 episcopus,
1573 819 1652 860 pro

95 886 245 915 annuo
265 885 401 915 censu
418 872 577 927 viginti
602 872 890 914 marcharum
917 872 1104 927 argenti.
1129 872 1175 914 in
1202 887 1291 928 quo
1312 874 1497 917 Camere
1521 875 1650 918 Sedis

95 943 352 999 Apostolice
380 946 586 986 tenemur
606 942 652 984 in
674 942 787 985 festo
814 943 1168 986 Resurrectionis
1196 943 1390 991 Domini,
1415 958 1496 1000 pro
1517 946 1653 987 comiss

93 1017 188 1056 tatu
210 1013 410 1068 Melgorii
433 1027 511 1056 seu
533 1013 914 1059 Montisferrandi,
943 1014 1197 1069 recepimus
1224 1027 1250 1057 a
1275 1016 1523 1058 venerabili
1550 1017 1648 1060 viro

94 1085 310 1140 magistro
338 1084 570 1140 Raynaldo
599 1084 836 1139 Bulgarelli
860 1085 914 1126 de
954 1085 1173 1139 Anagnia,
1223 1086 1437 1128 canonico
1482 1088 1649 1130 Messa-

92 1155 237 1203 nensi.
268 1155 520 1211 Apostolicc
551 1155 681 1198 Sedis
708 1155 888 1203 nuncio,
937 1156 1168 1198 collectore
1219 1169 1439 1199 censuum
1469 1160 1512 1199 et
1537 1158 1648 1201 alio-

93 1240 193 1269 rum
222 1227 365 1282 ipsius
394 1227 523 1270 Sedis
545 1226 801 1269 debitorum
829 1230 873 1268 et
891 1226 1058 1281 jurium
1086 1227 1132 1268 in
1153 1227 1431 1270 Narbonensi
1460 1232 1504 1271 et
1542 1230 1649 1272 Bur-

91 1297 322 1352 dcgalensi
349 1297 606 1352 provinciis
633 1300 676 1338 et
701 1297 959 1351 regionibus
985 1297 1085 1339 aliis
1111 1297 1227 1338 circa
1246 1298 1383 1352 ipsas,
1404 1299 1645 1342 solucionis

91 1371 137 1411 et
164 1368 299 1410 libere
327 1367 614 1423 quittacionis
641 1368 948 1422 appodissam.
982 1381 1060 1409 seu
1089 1371 1322 1422 presentes
1368 1368 1539 1411 litteras
1567 1383 1649 1425 per

92 1452 281 1482 manum
307 1438 508 1480 Nicholai
536 1439 661 1480 Masa
681 1438 727 1479 in
757 1431 870 1493 pede
894 1439 1055 1481 notarii
1084 1438 1267 1494 publici,
1287 1442 1331 1481 et
1357 1453 1477 1481 nunc
1502 1440 1646 1496 ipsius

91 1510 265 1553 domini
292 1509 513 1566 Raynaldi
561 1509 797 1551 familiaris
825 1512 868 1551 et
907 1509 1084 1556 notarii,
1117 1523 1197 1564 pro
1224 1511 1436 1552 trecentis
1487 1511 1645 1566 viginti

93 1580 285 1623 marchis
329 1580 501 1635 argenti
553 1581 774 1622 bonorum
827 1580 1159 1634 sterlingorum,
1214 1581 1382 1623 scilicet
1432 1582 1645 1624 tredecim

90 1652 246 1694 solidis
271 1654 316 1694 et
342 1664 504 1694 novem
534 1651 772 1706 sterlingis,
799 1650 872 1692 vel
897 1651 1027 1706 juxta
1047 1664 1230 1693 cursum
1283 1653 1504 1707 presentis
1533 1656 1645 1695 tem-

89 1723 211 1778 poris
255 1722 583 1779 quinquaginta
629 1722 829 1778 quinque
875 1722 1030 1765 solidis
1058 1723 1279 1764 bonorum
1331 1724 1642 1766 turonensium

90 1806 332 1849 parvorum
356 1807 437 1849 pro
457 1794 662 1849 qualibet
689 1793 874 1836 marcha
893 1793 1183 1848 computatis,
1213 1793 1341 1848 juxta
1362 1795 1642 1838 taxationem

88 1868 391 1908 mercatorum
413 1865 458 1906 in
487 1864 896 1920 Montepcssulano,
919 1878 998 1920 pro
1022 1864 1249 1906 sexdecim
1272 1865 1404 1907 annis
1425 1865 1641 1909 hactenus

87 1950 231 1992 nsque
259 1936 305 1977 in
326 1949 497 1978 annum
525 1939 796 1991 presentem,
828 1935 929 1990 ipso
956 1949 1075 1977 anno
1113 1936 1308 1990 presenti
1355 1936 1494 1978 eciam
1523 1950 1645 1979 com-

87 2009 257 2063 putato,
290 2020 369 2062 pro
395 2006 566 2048 domini
594 2007 713 2061 Pape
741 2007 942 2053 Camera,
975 2007 1144 2048 ratione
1172 2007 1359 2061 predicti
1380 2008 1635 2054 comitatus,

88 2078 389 2132 persolvimus
418 2091 497 2132 per
525 2090 686 2119 manns
717 2077 918 2131 magistri
948 2077 1164 2132 Stephani
1192 2077 1247 2119 dc
1269 2076 1432 2120 Ortolis
1455 2079 1636 2121 rectoris

85 2149 269 2191 ecclesie
296 2148 652 2195 Montisl'errarii,
685 2148 982 2203 procuratoris
1011 2148 1165 2196 nostri,
1197 2149 1357 2203 viginti
1391 2149 1566 2195 marcis,
1592 2153 1641 2191 ut

85 2219 255 2262 (lictum
282 2222 364 2267 est,
396 2232 476 2275 pro
504 2232 622 2260 anno
649 2219 852 2275 quolibet
878 2219 1162 2274 computatis.

144 2290 262 2341 Quas
284 2289 606 2345 quittacionem
635 2294 679 2331 ct
724 2290 1041 2332 libcracioncm
1072 2304 1152 2345 pro
1182 2292 1380 2345 predicto
1420 2294 1636 2346 tempore,

84 2361 252 2403 ratione
273 2373 435 2403 census
455 2361 693 2403 comitatus
718 2361 918 2415 predicti,
943 2361 1206 2416 quantitatis
1229 2375 1304 2403 seu
1330 2361 1632 2407 marcharum.

84 2434 134 2473 ut
162 2431 413 2486 predictum
443 2435 522 2479 est,
557 2431 836 2473 ratificamus
858 2435 901 2473 et
927 2435 1230 2486 acceptamus.
1262 2432 1388 2474 salvo
1410 2432 1455 2473 in
1494 2432 1640 2473 omni-

85 2502 169 2544 bus
194 2502 291 2557 jure
336 2502 520 2544 Camere
568 2502 737 2543 domini
769 2503 889 2557 Pape
918 2506 962 2544 et
1013 2503 1266 2557 Apostolicc
1296 2503 1441 2549 Sedis,
1473 2503 1509 2544 si
1555 2516 1636 2545 nos

85 2574 424 2627 prenominatus
458 2573 696 2627 episcopus
735 2576 778 2614 et
806 2573 999 2615 Ecclesia
1043 2573 1374 2626 Magaloncnsis
1406 2574 1545 2627 inagis
1592 2575 1634 2615 in

84 2643 333 2697 quantitate
357 2657 437 2685 seu
455 2644 630 2685 marcis.
650 2645 811 2699 quovis
841 2645 989 2691 modo,
1009 2644 1146 2686 annui
1170 2658 1330 2686 census
1360 2645 1545 2699 predicti
1567 2659 1639 2686 co-

85 2712 282 2760 mitatus,
303 2714 413 2769 ipsis
428 2714 613 2756 Camere
635 2715 806 2756 domini
824 2716 940 2770 Pape
957 2718 1000 2756 ct.
1016 2715 1268 2770 Apostolici·
1287 2715 1391 2758 Sodi
1413 2719 1632 2756 tenemur.

143 2783 329 2839 Propter
366 2798 479 2840 quas
501 2785 768 2827 solutionem
800 2789 1017 2832 nostram,
1048 2786 1368 2840 quitiacionem
1397 2789 1436 2825 vt
1468 2786 1510 2826 in
1543 2800 1638 2839 pri·-

248 2867 339 2897 cart.
362 2867 403 2896 de.
426 2867 511 2905 Mag.
536 2868 572 2899 T.
597 2867 640 2898 111
1369 2868 1406 2897 w
