2205 3299
467 1558 470 1561 ’
506 1551 508 1553 ’
536 1557 583 1598 ni
610 1557 726 1611 regis
747 1557 1022 1599 Francorum
1043 1555 1259 1598 veniebat
1284 1559 1439 1598 contra
1460 1556 1980 1610 Montfflnpessulanum,
2006 1555 2095 1611 ipsi

1204 318 1451 361 -378—

554 439 601 468 se
629 424 765 467 nichil
793 425 918 468 scire.
1545 480 1552 482 -

610 497 757 552 Super
783 497 983 539 secundo
1010 496 1198 539 articulo
1226 491 1464 550 diligenter
1491 496 1807 550 interrogatus,
1835 494 1951 536 dixit
1981 494 2106 537 idem

554 567 674 624 quod
696 567 743 609 in
771 567 993 622 proximo.

606 638 754 693 Super
783 638 916 680 tercio
938 637 1126 680 articulo
1147 636 1388 692 diligenter
1413 637 1736 691 interrogatus,
1766 635 1884 678 dixit
1908 635 2024 678 utin
2051 649 2104 679 eo

545 709 799 752 continetur
825 711 1045 763 quantum
1074 708 1131 750 ad
1158 708 1326 763 laycos;
1358 711 1581 763 quantum
1608 707 1666 750 ad
1693 707 1896 755 clericos,
1927 719 2037 768 non.

607 851 718 892 Item
747 849 1017 892 Guillelmus
1065 849 1234 905 Usatqe
1260 848 1498 904 presbiter,
1532 847 1657 890 testis
1703 847 1878 902 juratus
1905 850 1950 890 et
2001 847 2102 889 dili-

535 915 702 976 genter
722 920 1021 974 interrogatus
1049 919 1195 962 dicere
1223 919 1478 966 veritatem,
1512 932 1649 973 super
1675 918 1822 973 primo
1843 917 2032 965 articulo
2059 920 2104 960 et

545 991 744 1034 secundo
771 990 887 1032 dixit
913 991 1034 1046 quod
1062 990 1235 1032 dudum
1263 989 1446 1031 vivente
1475 991 1601 1044 patre
1631 988 1774 1044 ipsius
1803 988 1945 1036 testis,
1974 988 2096 1031 idem

544 1065 674 1118 pater
700 1060 907 1117 prOmisit
933 1061 1109 1103 solvere
1136 1060 1184 1102 in
1211 1061 1411 1115 quadam
1461 1060 1659 1107 collecta,
1690 1058 1809 1101 facta
1853 1059 1899 1100 in
1926 1059 2103 1113 Monte-

543 1133 802 1188 pessnlano,
827 1133 945 1174 XXX
972 1131 1155 1174 solidos.
1176 1131 1345 1173 Eodem
1366 1144 1474 1173 vero
1502 1133 1628 1186 patre
1650 1133 1830 1172 mortuo
1851 1133 1956 1172 ante
1978 1130 2097 1172 solu-

544 1203 721 1246 cionem
767 1203 986 1245 dictorum
1034 1203 1152 1244 XXX
1204 1202 1468 1249 solidorum,
1519 1202 1726 1244 consules
1781 1201 2103 1256 compulerunt

541 1274 739 1315 eundem
766 1275 946 1320 testem,
977 1273 1035 1315 ad
1063 1286 1201 1328 quem
1224 1273 1344 1315 bona
1371 1272 1513 1328 patris
1533 1271 1626 1327 Jam
1653 1274 1889 1319 venerant,
1923 1271 2100 1314 solvcre

534 1344 683 1387 dictos
714 1345 834 1386 XXX
863 1343 1048 1389 solidos,
1081 1357 1108 1386 a
1133 1346 1259 1398 patre
1282 1357 1363 1386 suo
1386 1343 1649 1398 promissos.
1832 1335 1833 1338 ¹

600 1415 890 1466 Dixiteciam
919 1415 1036 1470 quod
1066 1414 1113 1455 in
1138 1414 1338 1470 quadam
1368 1414 1490 1456 tal-lia
1517 1427 1604 1471 que
1624 1413 1721 1469 {tuit
1742 1413 1860 1456 facta
1884 1414 1929 1456 in
1976 1415 2102 1456 Mon-

540 1486 829 1541 tepessulano
856 1486 1044 1533 dudum,
1076 1486 1259 1541 quando
1287 1485 1521 1527 dicebatur
1546 1485 1667 1540 quod
1702 1485 1927 1528 exercitus
1954 1485 2102 1527 domi·
2153 1538 2155 1540 q

538 1628 746 1671 consules
773 1627 1091 1682 compulerunt
1117 1626 1288 1668 dictum
1318 1629 1477 1668 testem
1501 1627 1691 1669 solvere.
2101 1682 2108 1684 ὴ

576 1691 857 1755 Ῥιθᾳηίεἰωε
902 1698 1098 1753 qualiter
1123 1698 1440 1752 compulerunt
1484 1710 1605 1745 eum,
1636 1696 1752 1738 dixit
1779 1698 1901 1754 quod
1951 1698 2099 1741 mina-

536 1770 702 1812 bantur
728 1769 814 1811 sihi
841 1768 1049 1810 claudere
1078 1768 1226 1810 hostia
1247 1768 1410 1810 domus
1432 1780 1527 1810 sue.

594 1840 717 1882 Dixit
757 1839 899 1881 eciam
927 1839 1047 1894 quod
1075 1839 1132 1880 ab
1159 1838 1236 1881 illo
1263 1841 1467 1893 tempore
1495 1837 1678 1880 fuerunt
1715 1838 1830 1882 facte
1857 1840 1945 1882 due
1966 1839 2091 1895 tallie

534 1912 578 1953 in
608 1910 1021 1966 Montepessulano‚
1054 1910 1098 1950 in
1126 1909 1293 1965 quibus
1320 1909 1444 1951 idem
1486 1909 1611 1951 testis
1640 1909 1776 1951 nichil
1804 1911 1955 1960 solvit,
1986 1911 2091 1953 licet

534 1997 591 2025 cx
618 1984 743 2038 parte
766 1979 1004 2024 consulum
1032 1980 1296 2036 requisitus.

593 2052 854 2108 Requisitus
882 2051 919 2093 si
947 2051 1030 2093 scit
1074 2051 1196 2106 quod
1222 2064 1425 2106 unquam
1453 2051 1571 2093 alius
1597 2051 1786 2094 clericus
1813 2052 1999 2096 solverit
2048 2054 2096 2095 in
2138 2103 2141 2105 ¹

535 2122 732 2167 collectis
784 2121 1199 2176 Montispessulani‚
1230 2121 1403 2164 ratione
1445 2122 1668 2164 bonorum
1705 2122 2095 2178 patrimoniolium
2159 2143 2161 2146 ⁴

535 2208 623 2251 que
650 2194 713 2235 ibi
734 2194 871 2236 habet
897 2193 972 2235 vel
992 2193 1203 2241 habebat,
1230 2193 1303 2234 vel
1325 2193 1588 2248 compulsus
1616 2206 1697 2248 per
1724 2194 1932 2238 consules
1959 2194 2096 2237 fuerit
2139 2196 2153 2215 ³⁴

535 2266 592 2308 ad
621 2264 907 2312 solvendum,
939 2263 1054 2305 dixit
1081 2276 1127 2305 se
1156 2263 1292 2305 nichil
1320 2263 1445 2305 sciro.
2143 2303 2149 2317 ζ

594 2336 741 2391 Super
761 2334 896 2377 tercio
924 2334 1112 2376 articulo
1141 2333 1402 2390 requisitus,
1441 2333 1557 2376 dixit
1585 2347 1632 2376 se
1658 2334 1841 2377 credero
1867 2339 2091 2392 quantum
2123 2326 2148 2398 ἶ

535 2408 592 2450 ad
611 2407 779 2463 laycos
811 2409 1035 2462 quantum
1063 2406 1119 2448 ad
1147 2405 1347 2454 clericos,
1375 2418 1478 2481 non.

1422 2546 1517 2584 (Reg.
1543 2546 1576 2578 E.
1600 2546 1658 2577 fol.
1685 2546 1725 2577 59
1743 2547 1797 2582 r··).
