1991 3279
1001 328 1022 332 --
1055 303 1135 342 74»

321 407 570 449 sessionem
597 407 994 462 (zpossessionis)
1024 409 1343 456 numerandos,
1362 421 1415 450 ea
1434 420 1521 464 que
1550 407 1739 450 dimissa
1773 407 1869 449 iue-

318 477 420 525 rint,
453 477 617 533 scripta
667 477 839 532 integre
868 477 1100 520 tradantur
1145 478 1375 534 preposito
1414 492 1494 534 per
1521 480 1793 534 promotum,
1825 479 1870 521 et

316 548 414 603 ipse
438 548 692 604 prepositus
715 536 867 591 statim
897 562 949 592 ea
976 548 1110 591 faciat
1129 549 1370 604 registrari.

374 619 499 670 Quod
527 618 564 661 si
592 622 823 674 promotus
846 633 933 675 que
962 620 1182 674 premissa
1210 620 1417 675 proximo
1445 624 1564 668 sunt,
1606 634 1696 662 non
1724 620 1876 662 adim--

316 690 522 744 pleverit,
543 704 622 745 per
643 690 923 745 prepositum
952 691 998 732 in
1025 691 1219 734 claustro
1241 691 1451 738 residere,
1483 695 1526 734 et
1552 692 1869 748 qualilietsep-

319 761 494 803 timana
517 761 672 803 decem
702 761 870 803 solidos
887 762 1063 804 solvere
1082 766 1300 810 teneatur,
1320 765 1363 804 et
1389 763 1524 805 etiam
1552 762 1864 817 compellatum

314 832 607 887 predecessor
657 835 827 881 autem,
859 831 977 875 infra
1020 833 1138 875 XXX
1166 833 1278 881 dies,
1310 847 1364 876 nc
1417 834 1538 876 fraus
1583 833 1725 888 possit
1769 830 1867 874 fieri

311 902 557 958 preposito,
590 903 661 945 vel
681 902 827 948 citius,
860 901 929 961 [si]
960 903 1057 945 fieri
1087 904 1241 959 possit,
1285 904 1513 960 preposito
1542 904 1740 946 insinuet
1777 916 1865 959 que

312 973 500 1016 dimisit.

372 1045 481 1087 Item
510 1045 751 1087 statuendo
778 1045 1077 1094 declararunt,
1108 1046 1229 1102 quod
1257 1046 1424 1094 debita,
1469 1046 1737 1088 necessitate
1766 1058 1868 1100 per-

316 1129 424 1158 sone
451 1118 678 1158 eontracta
698 1129 841 1171 pauca
868 1116 1148 1164 infirmitate,
1174 1121 1217 1159 et
1241 1107 1631 1159 'administratore-s
1654 1115 1859 1171 hospicii,

314 1199 489 1228 necnon
515 1186 857 1242 verqueriarum
886 1186 1072 1235 familie,
1125 1187 1256 1243 juxta
1297 1188 1606 1238 conditionem,
1645 1187 1875 1242 previoris.

310 1257 528 1312 temporis
555 1258 863 1307 exsolvantur;
894 1258 941 1300 in
969 1258 1067 1302 aliis
1096 1273 1202 1302 vero
1230 1259 1475 1307 solvendis,
1508 1262 1714 1301 servetur
1749 1258 1872 1300 ordo»

308 1328 482 1383 positus
510 1329 555 1370 in
578 1331 759 1371 statuto.
791 1328 991 1372 dimissis
1022 1330 1144 1385 prius
1171 1330 1217 1372 in
1244 1330 1443 1374 eeclesiis
1471 1329 1679 1385 hospitiis
1707 1329 1862 1371 dimit-

305 1399 468 1441 iendis.

369 1470 629 1512 Necessaria
643 1485 751 1513 vero
771 1471 1109 1519 intellexerunt,
1134 1475 1183 1515 ut
1209 1473 1264 1515 de
1293 1473 1440 1517 blado,
1474 1473 1590 1514 bono
1617 1474 1661 1514 et
1687 1485 1859 1514 comes-

304 1541 436 1588 iibili,
463 1555 602 1583 unuin
621 1543 868 1596 sextarium
887 1557 965 1598 pro
991 1544 1194 1599 quolibet
1214 1557 1387 1587 mense.
1419 1557 1561 1598 nsque
1583 1544 1637 1586 ad
1670 1557 1859 1592 messes,

307 1626 395 1667 que
421 1612 466 1653 in
506 1613 675 1655 octabis
702 1614 843 1655 sancti
876 1614 989 1657 Joha
1011 1615 1093 1656 inis
1124 1615 1322 1670 Baptiste
1349 1615 1651 1656 communiter
1678 1615 1858 1656 evenire

309 1683 600 1725 extimantur.
633 1697 712 1738 per
739 1688 1003 1727 executores
1033 1685 1320 1728 dimittantur
1366 1685 1408 1726 in
1438 1685 1625 1727 ecclesia
1654 1689 1857 1733 vas-anic,

308 1756 351 1795 et
380 1758 585 1810 promoto
612 1756 668 1797 ad
698 1755 819 1797 iilam
851 1757 1065 1798 tradatur.
1101 1771 1177 1811 pro
1206 1770 1393 1798 numero
1425 1770 1732 1811 personarum.
1770 1771 1858 1812 que

308 1826 560 1868 necessario
573 1829 616 1867 et
631 1826 842 1868 continue
865 1829 1088 1869 tenentur.
1108 1828 1180 1869 vel
1199 1828 1241 1869 in
1262 1828 1486 1870 messibus
1513 1842 1592 1869 scu
1617 1827 1857 1870 vindemiis

304 1897 630 1939 conducuntur.

363 1968 426 2010 De
441 1967 548 2010 vino
570 1982 677 2010 vero
693 1983 773 2024 pro
796 1983 983 2012 numero
1001 1983 1311 2025 personarum,
1331 1983 1474 2025 usque
1491 1969 1545 2012 ad
1562 1969 1859 2012 Nativitatem

300 2040 434 2081 Beate
460 2039 613 2085 Marie,
640 2042 728 2082 tres
756 2040 930 2083 eminas
958 2055 1037 2097 pro
1059 2041 1291 2083 mensibus
1313 2041 1501 2095 singuiis
1523 2041 1845 2096 computando;

357 2110 410 2152 Et
435 2109 490 2152 de
517 2110 821 2165 leguminibus
849 2115 892 2154 et
912 2112 1123 2155 carnibus
1151 2112 1297 2160 salsis,
1328 2112 1457 2167 juxta
1502 2112 1851 2154 extimationem

302 2181 502 2223 debitam
527 2180 795 2232 dimittatur3

362 2252 423 2294 De
449 2252 548 2294 oleo
576 2256 663 2294 tres
692 2253 882 2302 eminas,
914 2254 951 2296 si
978 2254 1155 2309 lampas
1176 2245 1476 2296 illuminanda
1509 2256 1687 2295 tenetur
1712 2253 1757 2294 in
1785 2267 1854 2295 ec-

298 2322 435 2365 clesia
460 2336 517 2364 ex
544 2324 695 2366 debit)
724 2337 803 2379 per
830 2325 1043 2380 priorem,
1076 2339 1154 2380 pro
1197 2325 1358 2367 diebus
1404 2328 1448 2367 et
1475 2325 1707 2366 mensibus
1734 2337 1857 2366 eoin-

299 2394 517 2449 putando:

358 2464 412 2506 Et
437 2464 519 2506 hoc
545 2464 683 2514 idem,
713 2466 791 2522 qui
819 2467 872 2508 de
900 2480 992 2509 una
1012 2467 1201 2509 eeclesia
1221 2467 1277 2508 ad
1317 2466 1453 2509 aliam
1507 2465 1850 2515 transferentur,

305 2535 398 2589 suis
421 2536 754 2579 suecessoribus
782 2537 1009 2580 dimittere
1033 2540 1287 2580 teneantur.

359 2606 405 2649 Si
431 2620 539 2649 vero
565 2620 698 2662 saper
722 2608 932 2651 carnibus
954 2608 1085 2651 salsis
1136 2608 1433 2655 dimittendis,
1478 2608 1768 2663 predecessor
1805 2610 1849 2649 et

298 2689 526 2719 successor
552 2677 918 2733 disceptaveriut‚
948 2679 1189 2722 carterium
1236 2679 1343 2721 boni
1370 2678 1552 2729 haconis
1580 2692 1660 2734 pro
1691 2691 1850 2720 mense

298 2746 514 2803 quolibet,
547 2761 686 2803 usque
714 2750 772 2791 ad
799 2750 1052 2793 decembris
1082 2763 1301 2798 mensem,
1332 2750 1557 2791 dimittere
1587 2751 1843 2791 teneantuiz

297 2818 678 2874 ‹Vluadragesimali
707 2823 908 2875 tempore
935 2834 1026 2862 non
1052 2821 1260 2863 deducto.

360 2890 543 2932 Lectum
570 2903 676 2932 vero
698 2903 776 2932 seu
805 2890 957 2940 lectos,
994 2894 1203 2935 ornatum
1231 2904 1409 2934 camere
1437 2905 1514 2933 seu
1543 2904 1844 2933 camerarum„

301 2973 387 3003 una
416 2973 518 3002 cuni
538 2960 638 3003 aliis
661 2961 905 3004 mobilibus
921 2964 964 3004 et
991 2976 1036 3004 se
1062 2963 1362 3011 moventibus,
1396 2964 1547 3017 utpote
1577 2962 1846 3018 equi3aiui·ls
