2164 3575
1109 275 1162 280 -
1189 249 1248 292 24
1275 274 1327 279 -

1942 345 1947 365 l

498 397 609 438 Item
637 407 754 438 anno
781 407 870 449 quo
898 405 1054 448 supra,
1110 391 1322 434 videlicet
1347 390 1422 432 VI⁰
1473 389 1692 432 kalendas
1726 388 1862 445 junii,
1891 401 1999 447 nos,

440 467 689 523 capitulum
742 465 837 507 sive
889 465 1139 505 conventus
1190 462 1354 504 domus
1404 461 1613 504 Fratrum
1664 449 2001 503 Predicatorum

436 535 861 592 Montispessulani,
886 534 944 577 ad
964 534 1049 576 hoc
1068 534 1365 575 convocatum
1387 533 1431 574 et
1450 533 1793 586 congregatum,
1817 529 1930 573 visis
1957 531 2004 572 et

442 608 683 659 intellectis
710 606 924 649 omnibus
952 607 996 647 et
1021 603 1211 660 singulis
1263 602 1578 658 supracriptis,
1634 602 2003 657 recognoscentes

441 679 597 722 omnia
623 682 665 720 ot
694 676 873 732 singula
898 678 997 718 acta
1023 688 1121 717 esse
1150 688 1207 716 ex
1233 673 1466 716 communi
1492 675 1708 721 tractatu,
1745 671 1933 715 consilio
1948 661 1998 714 'et

440 763 653 796 assensu,
684 748 846 790 eadem
896 746 1050 789 omnia
1099 745 1364 791 laudamus,
1400 744 1706 799 approbamus
1750 744 1794 785 et
1842 740 2003 785 confir-

443 833 649 867 mamuS,
681 821 724 860 et
750 818 954 860 obtinere
981 816 1193 858 volumus
1220 814 1641 856 incommutabilem
1669 816 1714 856 et
1733 815 2003 870 perpetuam

439 891 719 937 firmitatem,
745 890 1004 944 presentem
1030 885 1407 941 compositionem
1427 884 1562 940 sigilli
1584 884 1727 927 nostri
1750 881 2004 926 munimine

441 962 728 1007 roborantes,
759 951 1075 1001 renunciantes
1126 956 1249 999 omni
1299 955 1387 1011 juri
1407 969 1497 1011 quo
1549 967 1788 1010 possemus
1816 966 1937 996 nunc
1962 955 2007 995 et

439 1032 486 1074 in
516 1034 745 1087 posterum
773 1029 1012 1072 contraire.

499 1173 611 1214 Item
637 1185 757 1214 anuo
785 1185 875 1226 quo
902 1183 1059 1225 supra,
1098 1168 1309 1210 videlicet
1335 1167 1466 1215 Vllll⁰
1513 1167 1736 1209 kalendas
1786 1165 2001 1215 octobris,

439 1257 522 1286 nos
550 1243 687 1285 frater
712 1243 871 1284 Petrus
898 1239 952 1282 de
971 1240 1149 1295 Bareqe
1174 1239 1297 1294 prior
1334 1237 1626 1294 provincialis
1677 1237 1724 1278 in
1772 1235 2007 1292 provincia

437 1313 692 1361 provincie,
724 1312 878 1355 omnia
903 1314 947 1353 et
973 1310 1153 1365 singula
1179 1299 1439 1364 ‘supradicta
1464 1308 1730 1357 laudamus,
1783 1307 2006 1363 approba-

439 1397 543 1426 mus
571 1386 615 1426 et
653 1382 1000 1425 confirmamus.
1032 1381 1081 1422 In
1107 1379 1234 1435 cujus
1261 1379 1326 1421 rei
1353 1366 1615 1422 testimonio
1655 1377 1854 1433 sigillum
1903 1390 2007 1419 nos-

438 1458 559 1496 trum
586 1453 803 1495 duximus
830 1452 1173 1508 apponendum.

499 1597 692 1638 Demum
721 1609 828 1637 vero
855 1608 974 1637 anuo
1001 1593 1232 1636 Dominice
1260 1592 1593 1635 Inoas-nacionis
1628 1590 1874 1634 millesimo
1925 1590 2009 1632 du-

442 1667 691 1710 centesimo
737 1665 1023 1720 sexagesimo
1078 1664 1256 1719 quinto,
1287 1663 1455 1706 scilicet
1480 1663 1535 1704 V⁰
1585 1662 1688 1704 idus
1732 1661 1869 1717 junii,
1924 1674 2006 1703 nos

445 1738 585 1780 frater
608 1737 862 1786 Johannes,
895 1736 1112 1790 magister
1160 1734 1333 1777 ordinis
1383 1734 1590 1776 Fratrum
1643 1732 2003 1780 Predicatorum,

440 1809 690 1864 predictam
718 1807 1099 1863 composicionem
1127 1806 1171 1847 ct
1196 1805 1351 1848 onmia
1376 1807 1420 1847 et
1472 1805 1652 1860 singula
1678 1802 2002 1859 suprascripta,

440 1880 561 1934 apud
588 1878 1111 1933 Montempessulanum,
1143 1877 1406 1925 laudamus,
1450 1876 1783 1932 approbamus,
1814 1863 2008 1917 ratifica-

440 1963 567 1999 mus,
599 1952 641 1991 et
669 1949 807 1991 etiam
827 1948 1173 1991 confirmamus.
1201 1948 1249 1989 Iu
1275 1947 1402 2003 cujus
1430 1947 1494 1989 rei
1520 1946 1782 1989 testimonio
1808 1943 2007 2000 presenti

442 2023 561 2063 carte
590 2023 794 2062 nostrum
823 2020 1023 2074 sigillum
1051 2019 1269 2060 duximus
1296 2018 1650 2074 apponendum.
1862 2009 1865 2012 ¹

918 2161 1015 2198 (fleg.
1040 2160 1075 2197 E,
1097 2160 1155 2190 Iol.
1179 2161 1198 2190 ὃ
1218 2164 1270 2201 y‘,
1293 2160 1385 2190 edite
1406 2168 1449 2190 en
1470 2160 1584 2198 partie
1606 2167 1669 2198 par
1689 2158 1855 2189 Germain

773 2215 861 2244 dans
882 2213 926 2244 Le
946 2213 1088 2244 Com-em
1109 2212 1165 2244 des
1186 2212 1415 2243 Domim‘vains
1436 2212 1476 2242 de
1501 2210 1715 2251 ..llontpellier
1733 2221 1767 2251 p.
1791 2211 1846 2249 79)

490 2338 562 2374 Cet
583 2344 671 2374 acte
694 2338 915 2373 meriterait
952 2338 1000 2373 de
1023 2348 1127 2373 nous
1165 2338 1320 2373 arreter
1359 2337 1557 2384 quelques
1597 2337 1794 2373 instants.
1839 2338 1919 2373 asin
1959 2337 2008 2374 de

442 2391 622 2433 montrer
642 2396 920 2444 l'importance
960 2397 1033 2433 des
1054 2396 1324 2432 concessions
1364 2396 1484 2432 faites
1523 2407 1602 2432 aux
1642 2396 1946 2441 Dominicains‚
1969 2403 2009 2434 et

441 2461 600 2493 surtout
619 2456 654 2492 la
677 2456 917 2492 conformite
939 2456 987 2492 de
1008 2461 1070 2492 cet
1092 2462 1180 2492 acte
1201 2466 1297 2491 avec
1318 2455 1353 2491 la
1393 2455 1606 2503 discipline
1628 2455 1676 2491 de
1708 2455 1906 2503 l'epoque‚
1929 2467 2007 2504 que

441 2515 630 2551 Germain
653 2526 673 2550 a
696 2520 784 2562 trop
808 2520 1034 2551 meconnue
1055 2517 1131 2563 (op.
1158 2515 1224 2551 cit.
1250 2526 1287 2562 p.
1312 2515 1393 2560 12).
1420 2515 1531 2550 Dans
1565 2515 1601 2550 le
1640 2515 1893 2562 paragraphe
1926 2525 2005 2563 que

442 2585 547 2610 nous
569 2585 864 2610 consacrerons
886 2586 963 2609 aux
985 2574 1139 2610 Ordres
1162 2574 1375 2620 Religieux
1397 2573 1498 2613 dans
1520 2574 1580 2609 les
1612 2574 1934 2622 Proleqomenes
1955 2585 2006 2610 au
2021 2609 2029 2613 ,

444 2633 704 2671 Cartalair’e,
730 2644 833 2668 nous
865 2634 1083 2668 traiterons
1105 2636 1125 2668 a
1150 2633 1243 2668 fond
1283 2638 1386 2668 cette
1426 2632 1637 2679 question.
1661 2632 1762 2668 Voir
1800 2645 1851 2668 1111
1892 2638 2006 2669 autre

440 2692 584 2726 ars-ord
616 2703 711 2727 avec
752 2693 811 2727 les
851 2692 1110 2729 Trinitaires,
1134 2692 1178 2726 T.
1204 2692 1238 2726 ll
1263 2703 1299 2738 p.
1322 2692 1411 2726 267.

1698 3490 1704 3494 ,
1741 3480 1794 3493 ³-
1881 3483 2130 3520 >wvr-„WOE-22
2159 3519 2164 3522 -
