2107 3404
809 133 1044 176 *tim-

141 237 372 280 ,lohannes
399 240 442 280 et
468 238 609 281 Maria
639 239 866 295 conjuges,
899 241 1106 285 homines
1143 242 1248 285 dicti
1301 244 1473 287 domini
1500 247 1699 303 episcopi

144 310 190 351 et
216 322 542 357 successorum,
568 313 613 351 et.
640 309 798 353 fideles
826 314 868 353 et
895 312 1078 368 legales.

202 380 254 422 Et
282 393 363 422 nos
389 380 495 422 dieti
522 380 712 422 Michael
740 384 783 422 et
827 382 1046 426 Gaudista
1072 384 1147 438 (z
1169 385 1415 442 Gaudiosa)
1467 387 1691 443 conjuges,

143 464 223 507 pro
250 450 517 506 supradictis
540 464 619 505 per
646 465 727 493 nos
773 452 980 496 similiter
1030 455 1285 510 recognitis,
1341 470 1498 500 sumus
1525 461 1568 501 et
1595 473 1694 502 esse

141 522 362 565 debemus
389 521 595 563 homines
624 521 781 564 fideles
809 526 850 564 et
878 524 1045 578 legales
1074 525 1179 568 dicti
1225 527 1397 569 domini
1424 529 1623 584 episcopi
1651 534 1694 572 et

139 606 339 638 suorum:
372 595 415 634 et
441 595 650 634 tenemur
677 606 757 634 nos
785 607 943 636 omnes
971 596 1158 649 predicti
1204 597 1348 640 facere
1375 598 1421 640 in
1470 600 1594 641 omni
1621 614 1692 642 co-

139 664 311 707 malesa
338 663 443 705 dieti
471 663 618 705 castri.
647 666 779 718 prout
805 665 955 706 ceterii
980 666 1186 710 homines
1215 668 1469 712 habitantes
1497 673 1540 712 et
1565 670 1691 714 habi-

133 735 268 779 taturi
290 735 334 776 in
356 735 474 776 dicto
495 737 640 776 castro
668 737 712 776 et
733 735 1055 778 mandamento
1077 737 1296 792 ejusdem,
1316 739 1485 782 faciunt
1506 744 1549 783 et
1575 741 1691 785 face-

132 821 182 849 re
212 808 420 848 tenentur
440 808 481 847 et
503 805 671 848 debent
691 805 808 847 dicto
835 806 1018 848 domino
1040 808 1251 864 episcopo
1273 813 1318 852 et
1345 811 1453 859 suis,
1479 814 1522 854 et
1543 812 1687 856 facere

132 878 465 920 consueverunt
514 876 631 918 dicto
665 876 847 919 domino
898 878 1051 920 comiti
1095 883 1139 921 et
1165 880 1258 922 suis
1303 883 1681 933 antecessoribus,

129 947 325 991 dominis
346 947 452 989 dicti
478 947 625 989 castri.
1662 967 1664 969 >

185 1020 237 1061 Et
264 1019 378 1061 hanc
422 1018 587 1059 dictam
617 1019 969 1074 recognitionem
997 1020 1189 1063 dicimus
1223 1025 1267 1064 et
1311 1023 1557 1067 asserimus
1584 1039 1683 1068 esse

130 1103 301 1138 veram;
332 1092 375 1132 et
402 1089 438 1131 si
485 1089 613 1145 plura
657 1090 873 1131 sciremus
900 1104 986 1146 que
1015 1105 1041 1133 a
1090 1092 1208 1134 dicto
1235 1094 1419 1136 domino
1469 1095 1679 1152 episeopo

124 1166 397 1208 teneremus,
430 1160 526 1203 sive
566 1174 646 1215 pro
675 1161 886 1216 predictis
933 1161 1076 1204 tacere
1104 1163 1388 1212 deberemus,
1437 1165 1547 1208 illud
1576 1168 1677 1222 plus

123 1233 271 1275 eidem
294 1231 544 1275 laceremus
567 1235 610 1273 et
632 1244 1065 1286 recognosceremus,
1096 1247 1199 1276 cum
1219 1235 1277 1277 ad
1299 1236 1439 1278 nostri
1462 1237 1676 1280 noticiam

121 1303 398 1346 devenirent.

180 1375 233 1417 Et
260 1375 315 1417 de
368 1374 566 1429 presenti
596 1374 741 1421 vobis,
773 1374 890 1417 dicto
918 1375 1104 1418 domino
1134 1377 1263 1419 Petro
1292 1379 1581 1432 procuratori,
1632 1383 1679 1422 ut

116 1447 286 1488 dictum
324 1448 406 1491 est,
438 1444 671 1500 stipulanti
699 1449 742 1487 ct
767 1445 1001 1500 recipienti
1047 1447 1229 1488 nomine
1252 1447 1357 1489 dicti
1385 1449 1557 1491 domini
1584 1450 1678 1506 epi-

116 1517 239 1573 scopi
267 1519 307 1559 et
334 1530 412 1571 pro
463 1516 575 1571 ipso,
602 1519 643 1558 et
671 1530 857 1558 suornm
883 1551 891 1564 ,
930 1517 1123 1573 quisque
1175 1521 1379 1560 nostrum
1405 1522 1449 1561 et
1493 1534 1673 1578 queque

115 1593 386 1635 nostrarum,
408 1588 542 1630 flexis
556 1588 749 1643 genibus
771 1590 811 1629 et
839 1587 1004 1642 junctis
1032 1588 1259 1636 manibus,
1280 1589 1543 1645 homagium
1565 1591 1672 1634 faci-

117 1674 218 1702 mus
240 1663 283 1703 et
311 1660 594 1706 fidelitatem,
627 1661 671 1701 et
697 1672 751 1701 ea
770 1673 857 1715 que
881 1659 965 1701 sub
991 1658 1249 1713 juramento
1276 1659 1508 1705 fidelitatis
1531 1663 1669 1705 conti-

113 1735 298 1779 nentur,
328 1730 635 1786 promittimus
663 1732 701 1771 et
740 1729 959 1784 juramus.

170 1875 219 1917 Et
251 1888 332 1916 nos
362 1873 480 1916 idem
510 1876 773 1928 procurator
798 1873 966 1919 omnia,
1015 1873 1197 1915 nomine
1239 1872 1592 1934 [procuratori0]‚
1620 1881 1663 1919 ut

108 1946 275 1988 dictum
304 1948 385 1993 cst,
436 1944 677 1999 recipimus
705 1947 748 1985 et
774 1947 1075 1999 acceptamus,
1108 1945 1233 1987 salvo
1255 1945 1300 1986 in
1328 1947 1541 1989 omnibus
1567 1947 1663 2003 jure

107 2017 211 2059 dicti
239 2016 412 2058 domini
440 2016 636 2071 episcopi
666 2019 709 2057 et
737 2028 934 2057 suorum.

164 2089 273 2130 Acta
297 2088 474 2130 luerunt
500 2088 580 2129 hec
601 2087 721 2141 apud
745 2087 1031 2133 Brissiaeum,
1056 2087 1102 2128 in
1124 2089 1253 2142 prato
1274 2087 1402 2142 juxta
1425 2089 1658 2132 ecclesiam

107 2160 148 2200 in
181 2159 412 2214 presencia
438 2161 477 2199 ct
504 2158 762 2200 testimonio
789 2157 962 2199 domiui
1009 2158 1072 2199 Bt.
1106 2158 1161 2200 de
1190 2158 1443 2201 Resclausis
1491 2160 1660 2214 presbi-

105 2231 200 2275 lcri,
235 2229 437 2284 magistri
459 2231 508 2271 R.
542 2230 596 2270 ‹lc
625 2229 833 2283 Anglaris
855 2228 1032 2275 notarii,
1064 2229 1142 2270 ΒΗ.
1177 2229 1342 2276 Manie,
1376 2230 1441 2271 Bt.
1474 2231 1658 2273 Rainar-

102 2302 162 2343 «li.
196 2301 343 2343 Pancii
372 2301 528 2342 Mori-ti
559 2300 783 2346 diachoni,
815 2306 856 2341 ct
887 2299 973 2340 mci
1003 2300 1121 2340 Petri
1149 2299 1461 2354 Chrislophori
1488 2301 1656 2356 publici

103 2372 261 2414 nolarii
293 2372 334 2413 in
366 2375 455 2425 tota
503 2371 688 2413 baronia
715 2371 768 2412 de
797 2369 1057 2416 Rocat't'olio,
1091 2383 1148 2411 ex
1175 2374 1302 2425 parte
1331 2370 1438 2412 dicti
1482 2371 1654 2414 domini

98 2443 276 2485 comitis
319 2442 636 2490 Ruthcncnsis,
685 2442 762 2497 qui
795 2440 1006 2482 mandato
1034 2440 1234 2496 parcium
1264 2440 1347 2483 hoc
1376 2441 1650 2485 instrumen-

50 2521 53 2523 ’
99 2518 195 2556 tum
223 2514 455 2570 publicum
484 2513 641 2568 scripsi
669 2515 711 2555 et
739 2512 865 2566 signo
893 2525 993 2553 meo
1022 2511 1212 2566 signavi.

983 2665 1078 2703 (fleg,
1102 2665 1136 2701 C,
1160 2665 1217 2695 fol.
1243 2664 1302 2695 20⁴³
1323 2671 1374 2701 ι·“).

261 2874 353 2906 Cart.
374 2875 415 2904 de
437 2874 523 2912 sing.
547 2874 583 2904 T.
607 2873 651 2902 lu
1376 2867 1414 2896 :53
