2040 3404
757 150 810 154 -
839 112 1000 167 495⁹—

342 397 609 440 DCCCXLV.
643 424 695 429 —
726 399 752 440 3
777 399 952 454 janvier
978 400 1092 442 1292
1118 404 1180 454 (n.
1207 414 1241 443 s.
1273 400 1406 454 1293)

158 536 319 574 Vente
340 539 451 576 d'un
470 540 577 577 bois
597 551 661 577 au
681 550 787 576 mas
809 541 868 577 de
895 541 970 577 las
1009 541 1215 588 Tieyras
1248 542 1363 588 pres
1384 542 1430 579 le
1458 543 1564 579 bois
1592 544 1651 580 de

95 603 301 641 Valene.

156 749 286 790 Anno
327 745 555 788 Dominice
584 745 910 787 Incarnationis
939 745 1181 788 millesimo
1209 747 1519 790 ducentesimo
1569 761 1649 789 no-

96 818 329 874 nagesimo
380 816 592 862 secundo,
624 816 791 858 scilicet
841 815 978 857 tercio
1029 829 1171 858 nonas
1198 816 1406 871 januarii,
1460 817 1644 861 domino

93 890 302 944 Philippo
329 902 431 943 rege
460 888 731 929 Francorum
773 889 1007 941 regnante,
1038 887 1246 929 noverint
1274 888 1473 930 universi
1523 890 1644 944 quod

92 974 174 1003 nos
205 960 457 1002 Bernardus
479 959 534 1000 de
566 957 634 999 las
666 957 818 999 Tim-as
846 962 891 1000 et
918 958 1230 1000 Ermessendis
1257 957 1355 1013 ejus
1377 958 1486 1008 filia,
1510 973 1644 1001 uxor.-

90 1045 177 1087 que
207 1030 426 1086 Stephani
469 1029 664 1072 Baslide.
714 1032 757 1071 et
784 1042 865 1084 ego
918 1029 1178 1083 Stephanus
1205 1029 1401 1076 Bastide‚
1456 1030 1642 1073 maritus

89 1102 204 1144 dicte
233 1102 558 1144 Ermvssendis.
590 1113 748 1142 omnes
776 1104 865 1142 tres
907 1100 1042 1142 simul
1069 1105 1113 1141 et
1138 1100 1332 1155 quisque
1359 1104 1563 1143 nostrum
1594 1101 1639 1143 in

88 1173 338 1215 solidum...
370 1172 665 1213 vendimus...
694 1171 831 1213 nobili
855 1171 950 1212 viro
972 1170 1155 1213 domino
1182 1171 1438 1214 Raimundo
1459 1173 1640 1226 (zBer-

90 1244 276 1293 mundo)
306 1242 646 1285 Montisl'errarii
674 1241 860 1283 domino
888 1245 931 1283 et
960 1241 1107 1289 militi,
1135 1241 1239 1283 licet
1266 1242 1456 1289 absenti,
1488 1246 1531 1284 et
1557 1243 1638 1285 tibi

87 1317 216 1357 Petro
238 1315 292 1355 de
321 1314 454 1355 Serro
477 1313 710 1355 sacerdoti.
741 1312 1015 1367 procuratori
1039 1312 1145 1353 dicti
1174 1312 1344 1354 domini
1395 1313 1637 1355 Raiinundi

84 1383 442 1437 (zsserinundi),
474 1383 657 1424 nomine
687 1382 993 1438 procuratorio
1021 1396 1100 1437 pro
1128 1395 1180 1424 eo
1202 1383 1414 1436 presenti,
1469 1384 1635 1425 ementi

85 1460 129 1498 et
158 1455 407 1511 recipienti,
439 1458 483 1496 ot
510 1454 618 1497 suis:
649 1457 692 1494 et
725 1454 767 1494 in
797 1453 944 1508 ipsum
977 1453 1636 1503 donJinumRainiu11dun1(:

88 1526 415 1577 Bermundurn)
443 1529 486 1567 et
513 1539 634 1572 suos,
666 1538 768 1566 curn
799 1524 879 1566 hac
910 1524 1091 1579 publiea
1114 1527 1250 1578 carta,
1280 1524 1326 1565 in
1366 1528 1634 1580 perpetuum

82 1598 292 1644 valitura,
318 1596 674 1639 irrevocabiliter
695 1595 1009 1637 transferimus
1039 1595 1268 1650 quoddam
1296 1608 1472 1642 nemus,
1495 1596 1630 1638 situm

79 1671 125 1712 in
154 1672 415 1712 tenemento
440 1667 584 1709 mansi
614 1666 768 1713 nostri,
802 1665 947 1708 vocati
975 1666 1029 1708 de
1060 1665 1128 1707 las
1160 1665 1327 1713 Tieras,
1358 1669 1501 1708 totum
1528 1681 1631 1708 cuni

78 1742 295 1783 omnibus
321 1740 495 1795 juribus
524 1741 566 1780 et
594 1738 876 1793 pertinentiis
903 1738 1010 1783 suis:
1045 1738 1088 1778 in
1116 1751 1205 1792 quo
1231 1738 1416 1792 quidem
1447 1751 1630 1781 nemore

78 1813 292 1854 dominus
320 1810 557 1866 episcopus
585 1809 914 1862 Magalonensis
943 1808 1078 1850 habet
1099 1809 1368 1856 dominium,
1392 1809 1629 1852 consilium

77 1887 122 1926 et
147 1882 435 1925 laudiniium.
467 1885 506 1921 et
538 1894 616 1935 pro
652 1880 838 1922 usatic0.
870 1880 1000 1921 annis
1029 1879 1219 1934 singulis
1264 1880 1309 1921 in
1336 1880 1450 1922 festo
1489 1882 1629 1923 sancti

76 1954 326 1996 Michaelis.
357 1953 470 1993 duos
498 1951 679 1993 solidos.

133 2025 261 2076 Quod
289 2024 475 2080 quidem
505 2036 665 2063 nemus
685 2022 993 2064 crnifronlatur
1028 2023 1378 2078 circumquaque
1405 2036 1507 2065 cuni
1553 2037 1625 2064 ne-

74 2110 197 2139 more
226 2096 411 2140 Valeun,
443 2099 488 2135 et
513 2107 613 2135 culn
645 2094 930 2148 pertinenciis
958 2093 1063 2135 dicti
1093 2094 1238 2135 [nansi
1267 2095 1420 2136 nostri.

134 2166 396 2209 Vendimus.
415 2166 615 2219 inquam.
636 2165 804 2205 dictum
824 2177 983 2205 nemus
1000 2167 1158 2208 totum.
1174 2177 1275 2206 cum
1291 2165 1502 2207 omnibus
1516 2164 1625 2220 juri-

74 2238 156 2280 bus
172 2241 214 2279 et
232 2237 523 2292 pertinenciis
541 2237 649 2277 suis.
666 2236 784 2276 dicto
802 2234 985 2276 domino
1003 2235 1257 2277 Raimundo
1272 2235 1624 2289 (zssermundo)

72 2312 115 2350 et
134 2310 242 2353 suis.
275 2309 327 2349 aa
361 2322 518 2348 ‹mlw‘s'
550 2307 805 2348 voluntates
833 2320 938 2347 suas
984 2308 1027 2346 et
1054 2318 1239 2347 suorum
1267 2306 1370 2347 inde
1422 2306 1620 2360 plenarie

72 2379 350 2421 faciendas...
376 2379 632 2432 exceptis...
659 2391 760 2418 cuni
788 2378 973 2419 consilio
997 2381 1162 2424 tamen,
1193 2377 1393 2418 dominio
1415 2380 1458 2418 et
1479 2377 1621 2418 laudi—

73 2450 161 2491 mio
188 2462 369 2504 semper
395 2449 499 2491 dicti
527 2449 700 2489 domini
729 2448 942 2502 episcopi;

129 2520 179 2562 Et
206 2521 354 2575 precio
384 2520 550 2561 scilicet
578 2520 735 2560 <locvm
764 2522 804 2559 et
834 2522 932 2560 octo
961 2519 1178 2560 librarum
1225 2518 1612 2573 melgoriensiuin,

67 2603 180 2645 quas
205 2603 363 2632 omnes
415 2590 565 2632 simul.
598 2593 640 2631 ot
667 2591 860 2645 quisque
889 2592 1092 2630 nostrum
1123 2589 1402 2636 insolidum,
1431 2589 1616 2631 confite-

69 2673 169 2701 mur
193 2665 237 2702 et
257 2662 618 2715 recognoscimus
657 2674 736 2702 nos
756 2674 784 2702 a
811 2663 851 2701 te
880 2661 998 2701 dicto
1020 2661 1163 2706 Petro,
1191 2660 1371 2701 nomine
1410 2674 1616 2714 procuro-

68 2731 194 2778 torio,
241 2745 319 2786 pro
358 2732 476 2773 dicto
503 2732 686 2773 donnino
714 2731 967 2773 Rainiundo
993 2731 1345 2784 (zssermunoo)
1394 2731 1611 2775 tundente,

67 2799 277 2844 habuisse
304 2806 347 2845 et
373 2802 585 2862 recipisse
628 2802 807 2845 nomino
837 2801 971 2858 precii
1000 2801 1105 2843 dicti
1134 2802 1345 2847 nemoris,
1380 2806 1418 2841 ot
1447 2800 1612 2855 jniioin
