2205 3299
1095 203 1316 246 -92—-

417 324 593 378 integra
617 322 838 367 libertate.

478 394 541 437 De
561 394 697 437 rebus
718 406 825 436 vero
846 392 1023 442 alienis,
1047 405 1162 449 quas
1183 392 1409 449 predictos
1429 393 1653 443 homines,
1682 394 1918 449 presentes
1943 393 1990 434 et

416 465 606 507 futuros.
638 477 792 507 secum
820 465 998 512 ducere,
1030 463 1205 506 trahere
1235 464 1309 506 vel
1327 463 1504 507 deferre
1529 463 1780 520 contigerit,
1810 462 1884 506 vel
1908 475 1991 518 per

418 548 465 578 se
492 536 565 578 vel
591 549 694 578 cum
720 535 994 578 animalibus
1023 535 1116 577 suis
1145 535 1226 576 vel.
1251 535 1452 582 alterius,
1484 548 1565 577 seu
1594 535 1786 582 nunciis,
1816 534 1863 576 in
1885 531 1985 588 qui·
2048 571 2051 576 ,

418 606 618 649 buslibet
652 605 760 648 locis
799 605 1028 647 districtus
1074 604 1263 660 predicti
1311 605 1462 654 castri,
1516 604 1594 647 ubi
1643 605 1821 647 levatur
1851 603 1990 660 peda—

419 676 547 730 gium
564 689 642 718 seu
662 674 805 718 levari
825 674 1062 729 contigerit
1076 674 1123 716 in
1143 674 1362 722 futurum,
1381 675 1555 717 dabunt
1575 678 1619 717 et
1640 675 1748 717 dare
1768 676 1989 730 perpetuo
2031 704 2034 705 γ

417 747 696 788 tenebuntur
721 745 968 801 pedagium
991 758 1049 788 ex
1073 745 1248 801 integro
1273 748 1556 788 consuetum.

473 817 527 859 Et
552 816 589 859 si
618 816 797 858 mixtim
823 829 896 858 res
917 828 1024 859 suas
1052 818 1096 859 et
1116 816 1289 859 alienas
1311 816 1498 858 eosdem
1525 815 1720 858 defiet-re
1748 814 1979 862 acciderit,

421 900 494 930 res
515 900 621 930 suas
649 887 857 930 distincte
884 889 928 929 et
953 887 1126 929 alienas
1167 887 1411 934 declarent,
1443 889 1488 928 et
1538 886 1768 928 declarare
1794 884 1992 927 fideliter

415 960 669 1007 teneantur;
702 970 786 1000 nec
811 956 860 999 in
886 957 1173 1006 declarando,
1209 957 1450 1005 trahendo,
1481 956 1704 1004 ducendo,
1736 969 1817 998 seu
1844 955 1990 998 eciam

413 1028 658 1071 deferendo
683 1041 756 1071 res
781 1027 954 1070 alienas
981 1028 1055 1069 vel
1082 1040 1204 1076 suas,
1258 1026 1469 1069 iraudem
1523 1026 1692 1069 faciant
1742 1026 1820 1069 vel
1869 1038 1992 1069 com-

416 1099 612 1148 mittant,
642 1112 725 1141 nec
767 1098 914 1141 facere
935 1111 1016 1140 seu
1054 1097 1337 1140 committere
1373 1097 1574 1140 debeant
1611 1110 1795 1154 quoquo
1834 1096 1984 1140 modo:

418 1182 501 1212 nec
526 1169 851 1218 fraudulenter,
882 1169 931 1212 in
957 1167 1264 1225 prejudicium
1289 1167 1434 1223 ipsius
1461 1167 1635 1210 domini
1661 1166 1875 1223 episcopi,
1915 1166 1991 1210 vel

413 1253 728 1283 successorum
754 1253 954 1290 suorum,
998 1252 1104 1282 cum
1132 1239 1407 1287 vectoribus,
1460 1251 1541 1281 seu
1591 1238 1787 1282 dominis
1835 1251 1990 1281 rerum

410 1311 486 1354 vel
513 1311 748 1359 mercium,
773 1311 959 1354 inheant
986 1309 1226 1366 pacciones
1253 1308 1446 1366 aliquas;
1478 1322 1576 1357 nec,
1607 1312 1820 1365 pretextu
1846 1323 1984 1353 excu-

415 1381 610 1426 sacionis
637 1381 832 1439 pedagii,
863 1394 1017 1425 rerum
1043 1381 1251 1437 ipsarum
1277 1380 1352 1423 vel
1378 1380 1606 1423 mersium
1647 1380 1981 1430 vehendarum.

413 1452 761 1502 trahendorum,
791 1465 874 1496 seu
899 1451 1046 1495 eciam
1095 1452 1423 1500 ducendarum,
1453 1450 1717 1507 empciones
1758 1451 1989 1508 celebrent

414 1523 717 1568 fraudulosas.
1330 1517 1336 1520 ”

473 1593 528 1638 Et
572 1595 761 1651 insuper
786 1594 1027 1652 exquisitis
1076 1593 1315 1637 fraudibus
1350 1593 1426 1637 vel
1475 1592 1894 1636 machinacionibus
1938 1592 1986 1635 in

415 1658 626 1709 fraudem
652 1665 796 1721 ipsius
847 1665 1045 1722 pedagii,
1075 1665 1151 1707 vel
1176 1664 1322 1721 ipsius
1348 1663 1523 1708 domini
1549 1663 1751 1720 episcopi
1776 1663 1852 1706 vel
1877 1676 1980 1706 suc—
1996 1682 2012 1689 ·

411 1748 644 1779 cessorum
670 1748 871 1785 suorum,
903 1734 1163 1778 futurorum
1213 1734 1608 1791 Magalonensium
1636 1734 1967 1790 episcoporum,

414 1807 555 1849 nichil
580 1807 762 1863 penitus
799 1807 1058 1856 moliantui·;
1090 1806 1185 1855 sed,
1215 1806 1335 1848 bona
1360 1805 1456 1848 fide
1486 1807 1531 1848 et
1557 1817 1673 1860 pura
1708 1804 1988 1848 consciencia

414 1891 519 1920 cum
544 1877 651 1926 Deo,
706 1876 872 1933 rejecto
897 1877 1096 1920 totaliter
1144 1875 1317 1919 fraudis
1343 1875 1545 1924 consilio,
1602 1877 1835 1918 transeant
1877 1887 1983 1918 cum

414 1949 551 1991 rebus
577 1947 672 1990 suis
699 1947 1015 1991 tantummodo
1040 1947 1173 1990 liberi
1200 1949 1244 1989 et
1269 1947 1515 1989 immunes.

475 2018 529 2061 Et
554 2020 604 2060 ut
629 2018 777 2060 omnis
797 2018 982 2061 tollatur
1000 2016 1174 2060 fraudis
1202 2017 1414 2072 suspicio,
1445 2016 1644 2072 predicte
1670 2016 1981 2060 universitatis

417 2089 641 2138 homines,
672 2091 718 2131 et
744 2101 902 2131 eorum
929 2088 1109 2143 singuli,
1139 2088 1216 2131 vel
1243 2088 1299 2130 de
1327 2087 1529 2143 quolibet
1567 2087 1770 2143 hospicio
1818 2087 1980 2144 ma10r‚

417 2160 505 2202 nisi
526 2159 662 2202 fuerit
687 2159 1017 2215 impedimento
1044 2159 1246 2214 legitimo
1273 2158 1536 2214 impeditus,
1567 2172 1658 2214 quo
1709 2171 1818 2201 casu
1865 2157 1983 2201 alius

415 2232 648 2288 ydoneus‚·
667 2231 764 2273 loco
790 2229 913 2286 illius
951 2229 1199 2278 adhibitus,
1251 2228 1470 2285 jurabunt
1495 2231 1541 2271 et
1564 2227 1715 2284 jurare
1764 2231 1984 2285 perpetuo

410 2302 700 2350 tenebuntur,
725 2301 856 2344 annis
877 2300 1081 2356 singulis,
1106 2299 1154 2342 in
1174 2299 1289 2342 festo
1310 2298 1526 2342 Omnium
1548 2299 1836 2348 Sanctorum,
1857 2299 1977 2355 apud

411 2372 562 2428 ipsam
589 2372 746 2414 villam
798 2371 952 2415 Sancti
977 2370 1174 2420 Martini,
1228 2370 1287 2413 ad
1337 2369 1687 2431 requisitionem
1736 2370 1979 2413 castellani

381 2459 394 2473 ν
411 2442 797 2490 Montisferrandi‚
828 2444 872 2484 et
918 2441 964 2483 in
991 2441 1056 2484 eis
1072 2441 1148 2496 (z
1163 2439 1280 2499 ejus)
1308 2440 1545 2496 presencia
1568 2440 1643 2482 vel
1668 2440 1856 2483 alterius
1882 2439 1978 2484 loco

412 2513 525 2569 ejus,
557 2512 812 2569 specialiter
835 2512 893 2554 ad
921 2512 1004 2553 hoc
1050 2511 1193 2559 missi,
1225 2511 1347 2566 quod
1374 2511 1420 2552 in
1448 2510 1658 2553 fraudem
1685 2503 1874 2566 predicti
1900 2524 1979 2567 pe-

416 2584 552 2640 dagii,
583 2583 720 2626 nichil
770 2583 949 2632 facient,
980 2582 1054 2624 vel
1080 2582 1180 2624 fieri
1232 2581 1480 2637 pacientur,
1510 2583 1555 2623 et
1603 2581 1726 2637 quod
1777 2582 1978 2637 predicta

414 2654 568 2697 omnia
594 2656 638 2697 et
664 2653 843 2708 singula
869 2653 1123 2695 custodient
1148 2655 1194 2695 et
1219 2653 1437 2707 perpetuo
1469 2650 1791 2694 observabunt.

473 2724 731 2768 Predictum
757 2737 866 2766 vero
925 2722 1243 2779 jusjurandum
1271 2721 1423 2776 exiget
1449 2724 1493 2763 et
1541 2721 1722 2775 exigere
1750 2722 1978 2765 tenebitur

415 2796 538 2852 prior
563 2798 609 2839 et
628 2794 857 2841 dominus,
893 2794 971 2849 qui
1000 2807 1085 2849 prQ
1111 2796 1313 2848 tempore
1341 2791 1479 2834 fuerit
1513 2791 1629 2834 dicte
1655 2791 1778 2846 ville.
1815 2832 1819 2835 .

474 2868 523 2909 In
550 2865 1016 2920 recompensationem
1045 2867 1250 2919 preterea
1276 2862 1456 2939 lic-dagii
1482 2862 1697 2904 antedicti
1719 2866 1762 2904 ct
1781 2863 1976 2905 aliorum
