2107 3404
816 109 1064 152 -445—

159 227 274 270 copo
318 218 361 258 et
406 214 766 270 fidejussoribus,
817 220 860 258 et
887 229 1045 259 omnes
1085 230 1366 260 successores
1395 218 1498 260 dicti
1545 220 1717 263 domini

119 295 122 298 '
162 286 377 343 episcopi,
403 289 446 329 et
472 286 606 329 etiam
630 286 851 329 dictorum
874 287 1209 343 fidejussorum,
1241 291 1284 331 et
1303 289 1457 333 omnia
1482 290 1602 334 bona
1629 291 1718 334 dic-

160 359 194 400 ti
220 358 393 402 ‹lomini
415 358 612 414 episcopi
635 362 678 401 et
699 358 918 400 dictorum
949 359 1288 415 fidejussorum,
1322 362 1558 416 presencia
1581 366 1625 404 et
1649 362 1719 405 fu-

159 434 275 477 tura,
300 431 357 473 ab
384 429 596 471 omnibus
624 431 667 471 et
694 429 882 483 singulis
909 443 1013 486 quc,
1043 430 1277 473 occasione
1300 444 1378 473 seu
1421 432 1589 475 ratione
1618 447 1716 489 pre-

127 506 130 508 ’
159 502 399 546 dictorum.
433 503 585 556 petere
606 500 678 543 vel
701 500 880 555 exigere
904 514 1099 556 possem,
1128 502 1312 544 nomine
1335 516 1424 558 quo
1453 517 1603 558 supra,
1636 518 1715 546 seu

159 574 307 616 dictus
335 572 546 615 dominus
573 584 739 620 comes,
771 584 850 613 seu
872 572 988 615 alius
1023 571 1205 615 nomine
1233 572 1346 628 ejus.
1379 573 1582 622 absolvo,
1608 575 1718 617 libe-

157 659 208 688 ro
228 647 272 687 et
297 643 475 701 quinio,
500 647 545 686 et
570 643 780 690 liberum,
825 642 1008 690 liberos,
1043 643 1255 698 quittium
1286 647 1327 686 et
1355 644 1542 700 quittios
1570 646 1714 688 clamo

156 716 215 760 ab
241 715 454 758 omnibus
476 713 758 769 supradictis.
1270 767 1275 770 Β

211 786 414 833 Faciens,
440 785 620 827 nominc
648 798 738 841 quo
766 798 916 840 supra,
951 785 1075 828 vobis
1112 786 1230 829 dicto
1258 787 1442 830 domino
1470 789 1710 844 Rostagno,

153 858 338 900 nomine
365 870 455 913 quo
477 869 613 911 supra
640 856 875 911 stipulanti
903 859 945 898 ct
972 857 1220 912 recipienti,
1253 862 1297 900 et
1323 858 1403 900 tibi
1443 859 1560 901 dicto
1612 860 1712 901 Phi-

152 929 276 984 lippo
297 927 595 980 (zJolianni)
619 927 780 969 Gaschi
809 927 981 969 notario
1010 927 1204 982 publico,
1231 929 1446 984 presenti,
1478 929 1712 985 stipulanti

151 1003 195 1042 et
226 999 456 1054 recipienti
486 998 667 1040 nomine
695 998 1026 1057 dicti-episcopi
1054 1002 1097 1040 et
1124 999 1346 1041 dictorum
1370 988 1705 1055 fidejussorum,

153 1071 334 1126 plenam
364 1072 405 1112 et
435 1070 623 1111 liberam
653 1069 983 1111 remissionem.
1015 1070 1364 1112 absolutionem.
1389 1072 1704 1128 quitationem.

149 1144 194 1183 et
220 1154 377 1183 veram
405 1140 717 1183 liberationem
747 1144 791 1182 et
817 1140 860 1181 in
884 1154 929 1182 re
953 1140 1135 1196 propria
1158 1140 1338 1189 lactum,
1366 1146 1547 1197 pactum
1570 1142 1706 1186 etiam

147 1213 352 1254 validum
381 1215 425 1254 et
453 1211 703 1266 sollempne
731 1212 786 1252 de
816 1224 1049 1267 nunquam
1102 1211 1273 1267 aliquid
1300 1226 1326 1255 a
1352 1213 1470 1255 dicto
1521 1215 1706 1257 domino

147 1283 361 1338 episcopo
388 1296 468 1324 seu
492 1281 835 1337 fidejussoribus
859 1283 1047 1324 ulterius
1072 1284 1283 1338 petendoe
1315 1288 1356 1326 et
1378 1285 1433 1326 de
1461 1299 1549 1327 non
1576 1300 1711 1341 agen—

146 1354 205 1396 do
232 1357 389 1396 contra
416 1353 588 1395 dictum
628 1353 866 1394 dominum
894 1353 1268 1407 Magalonensem
1320 1355 1582 1411 episcopum
1630 1371 1708 1399 seu

140 1434 304 1466 ‘eorum
332 1424 534 1479 (zejus)
562 1437 858 1471 successores
891 1437 971 1466 seu
997 1427 1151 1466 contra
1181 1424 1471 1480 fidejussores
1499 1427 1605 1470 dicti
1633 1428 1708 1470 do—

147 1495 259 1537 mini
287 1495 503 1550 episcopi,
535 1494 792 1536 nominatos
820 1497 861 1536 et
889 1498 1123 1537 contentos
1151 1495 1196 1536 in
1224 1496 1341 1538 (licto
1386 1496 1701 1542 instrumento.

144 1580 227 1622 per
253 1566 422 1608 dictum
448 1565 724 1608 ssemardum
757 1566 943 1607 Basterii
966 1565 1181 1613 contecto,
1213 1567 1385 1610 ratione
1413 1572 1456 1610 et
1477 1569 1704 1612 occatione

145 1637 489 1693 promissorium

205 1708 319 1750 Ymo
341 1708 377 1750 si
405 1708 523 1764 quis,
557 1709 737 1749 nomine
767 1707 945 1763 proprio
973 1722 1051 1751 seu
1090 1708 1225 1751 etiam
1253 1709 1416 1756 aliens„
1471 1710 1700 1754 occasione

144 1779 488 1834 premissorum,
519 1779 690 1835 aliquid
719 1793 745 1821 a
772 1779 889 1821 dicto
910 1779 1094 1821 domino
1115 1780 1340 1835 episcopo,
1371 1794 1451 1823 seu
1479 1782 1572 1824 suis
1594 1782 1705 1824 fide—

142 1850 413 1905 jussoribus,
445 1863 524 1891 seu
552 1864 708 1892 eorum
737 1850 1071 1893 successoribus
1100 1854 1286 1906 peteret,
1318 1855 1359 1893 ct
1389 1852 1533 1895 dictus
1560 1853 1703 1895 domi-

142 1935 230 1963 nus
276 1921 515 1977 episcopus
543 1935 619 1963 seu
668 1922 734 1963 sui
791 1921 1093 1976 fidejussores,
1125 1922 1349 1964 occatione
1402 1937 1478 1965 seu
1532 1924 1701 1966 ratione

148 1992 467 2047 predictorum.
499 1992 767 2048 dampnum.
801 1992 1031 2040 interesse,
1061 2006 1325 2047 gravamen.
1357 2008 1437 2035 seu
1478 2009 1701 2050 expensas

143 2063 322 2119 aliquas
350 2063 547 2106 lacerent
575 2078 652 2105 seu
701 2064 990 2112 sustinerent,
1022 2078 1100 2106 seu
1132 2078 1228 2111 vos,
1259 2064 1440 2107 nomine
1470 2065 1573 2107 dicti
1625 2066 1701 2108 (lo-

143 2135 255 2175 mini
285 2134 500 2189 episcopi,
551 2137 693 2175 testum
723 2135 832 2176 illud
859 2135 976 2177 dicto
1004 2135 1189 2177 domino
1241 2135 1453 2191 episcopo
1481 2140 1522 2178 et
1568 2137 1699 2180 dictis

142 2204 505 2260 fidejussoribus.
539 2206 640 2247 lieet
666 2206 948 2254 absentibus,
981 2209 1023 2248 et
1052 2206 1180 2248 vobis
1214 2206 1330 2247 dicto
1358 2206 1542 2249 domino
1593 2208 1700 2250 Ros-

140 2278 293 2330 tagno,
325 2276 506 2317 nomine
534 2290 623 2332 (μω
652 2290 803 2331 supra.
836 2281 878 2318 et
909 2277 986 2318 tibi
1009 2277 1127 2318 ‹tic-lo
1173 2276 1380 2332 Philippo
1407 2277 1697 2334 (zJohunni)

142 2346 319 2394 Gaschi‚
353 2347 523 2389 notario
575 2348 789 2402 predicto,
834 2348 1155 2403 stipulantibus
1183 2352 1226 2390 et
1272 2348 1592 2402 recipientibus
1619 2364 1698 2405 pro

140 2417 259 2459 dicto
286 2418 469 2460 domino
519 2418 730 2473 episcopo
766 2422 809 2461 et
843 2419 973 2461 dictis
1025 2418 1384 2474 fidejussoribus,
1418 2421 1602 2462 reddere
1654 2427 1697 2465 et

140 2487 391 2536 restituere,
423 2488 606 2532 nomine
634 2504 723 2544 quo
752 2504 902 2545 supra,
935 2491 1162 2546 promitto,

199 2558 449 2613 obligando
473 2560 575 2602 inde
598 2562 726 2603 vobis
749 2559 860 2619 [pro]
885 2561 1002 2604 dicto
1020 2563 1204 2605 ‹loniino
1223 2564 1449 2619 episcopo,
1469 2565 1694 2621 Rostagno

139 2632 182 2670 et
211 2629 289 2671 tibi
318 2630 435 2672 dicto
462 2630 672 2687 Philippo
700 2632 879 2679 Guscbi,
918 2633 1244 2687 stipulantibus
1284 2638 1326 2676 et
1375 2636 1693 2690 recipientibus

139 2700 400 2743 nominibus
428 2702 593 2756 quibus
622 2717 772 2757 supra
808 2704 924 2745 bona
951 2704 1105 2746 omnia
1140 2705 1247 2748 dicti
1275 2706 1444 2748 ‹tomini
1497 2707 1687 2752 winilis:

141 2783 244 2812 inea
269 2784 391 2819 vcro,
411 2821 413 2823 ι
434 2785 538 2819 nom
570 2786 673 2814 cum
699 2766 854 2827 geram
885 2775 1118 2828 negocium
1171 2777 1387 2818 alienum:
1427 2777 1695 2818 renuncians
