2040 3404
806 323 859 331 —
886 298 1000 342 1085
1032 323 1085 329 —

163 401 358 447 cuniam,
383 415 522 457 quam
550 416 686 457 super
706 404 915 446 comitem
939 404 1191 449 habuerint
1217 401 1511 457 adjustitiam
1535 389 1719 445 distrin-

163 485 268 528 gere
295 471 472 528 poterit.
506 473 543 515 si
569 473 739 529 aliquid
763 478 889 517 extra
918 473 1414 529 Montempessulanum
1447 473 1718 515 forifecerint

164 542 493 586 habitatoribus
519 544 934 600 Montispessulani.
961 560 1037 588 seu
1055 558 1189 587 eausa
1220 544 1479 599 negociandi
1512 545 1615 587 ilino
1643 559 1718 587 ve-

165 614 395 657 nientibus
416 614 488 657 vel
511 614 632 657 illinc
651 616 957 664 redeuntibus,
980 617 1217 658 Villelnlus
1243 618 1544 671 conqueratur
1564 616 1715 657 comiti

164 685 236 728 vel
270 698 351 741 per
388 698 435 728 se
476 685 546 727 vel
586 700 665 741 per
691 700 811 729 suos:
848 691 890 729 et
929 688 1142 730 dominus
1169 699 1320 728 eomes
1349 686 1481 728 faeiat.
1522 686 1583 728 illi
1611 686 1715 728 inde

156 755 401 812 justitiam.

223 826 349 878 Quod
377 826 414 869 si
440 840 592 870 eomes
629 842 714 870 non
744 829 908 874 feeerit,
947 832 988 871 et
1012 829 1248 870 Villelmus
1281 841 1380 870 ean]
1408 828 1538 869 aliter
1564 841 1718 871 eonse-

165 899 243 954 qui
283 898 459 954 poterit,
505 912 593 940 non
621 899 832 942 reclamet
860 914 905 943 se
935 901 1036 941 inde
1065 912 1232 942 comes:
1264 898 1500 941 Villelmus
1529 912 1636 941 vero
1662 900 1717 941 de

164 969 424 1012 homiuibus
452 970 546 1012 suis
587 970 664 1026 qui
685 971 856 1026 aliquid
884 971 1150 1014 forifecerint
1169 969 1321 1012 comiti
1351 970 1420 1011 vei
1449 969 1557 1016 suis,
1586 969 1719 1012 faeiat

164 1040 387 1096 iustitiam
418 1041 505 1097 ipsi
551 1045 595 1084 et
622 1041 715 1083 suis
748 1042 1039 1098 conquerenti
1068 1042 1138 1084 vel
1180 1055 1259 1097 per
1286 1055 1333 1083 se
1374 1041 1444 1082 vel
1473 1055 1553 1096 per
1592 1055 1712 1085 suos:

162 1112 285 1168 quod
313 1112 351 1154 si
371 1113 707 1168 contempserit.
739 1117 782 1155 et
809 1126 958 1155 eomes
985 1113 1115 1155 aliter
1142 1125 1270 1154 suam
1299 1115 1571 1167 consequti-s
1591 1111 1718 1167 justi-

162 1183 278 1226 ciam
304 1183 453 1230 fuerit,
485 1197 575 1226 non
604 1184 706 1225 inde
736 1198 782 1226 se
810 1185 1020 1227 reclamet
1054 1183 1300 1225 Vilielmus.

222 1255 406 1298 Lesdas,
437 1268 551 1310 quas
572 1255 779 1298 homines
809 1256 988 1297 Vitelmi
1015 1254 1413 1309 Montispessulani
1441 1254 1583 1295 solent
1625 1254 1718 1296 exi-

162 1339 268 1382 gere
287 1326 346 1369 ab
374 1325 635 1368 hominibus
653 1326 939 1369 venientibus
960 1323 1473 1380 Montempessulanum,
1506 1325 1560 1366 de
1587 1325 1718 1380 pisci-

166 1399 250 1440 bus
277 1411 392 1454 quos
413 1398 617 1440 vendunt
645 1401 890 1453 antequam
919 1398 975 1439 ad
998 1398 1193 1439 eundem
1220 1395 1718 1451 Montempessulanum

162 1469 444 1525 perveniant,
475 1469 713 1511 Villelmus
753 1470 807 1511 de
835 1473 981 1511 cetero
1010 1482 1097 1509 non
1126 1467 1338 1523 requirat,
1370 1467 1454 1508 nisi
1483 1467 1552 1508 vel
1597 1467 1718 1522 apud

161 1541 662 1596 Montempessulanum
690 1541 959 1582 vendantur.
994 1540 1062 1580 vel
1091 1540 1147 1581 ab
1170 1538 1429 1580 hominibus
1452 1538 1716 1593 Montispes-

162 1611 323 1655 sulani.

221 1684 425 1726 Tonsura
449 1697 557 1725 vero
598 1696 890 1725 nummorum
917 1684 973 1724 ai)
1026 1681 1283 1723 hominibus
1319 1680 1716 1735 Montispessulani

163 1754 423 1798 nullatenus
445 1754 538 1797 fiat.

222 1826 283 1869 De
312 1826 479 1868 honore
510 1839 615 1868 vero
631 1825 846 1872 comitali,
867 1825 908 1865 in
938 1838 1026 1881 quo
1048 1837 1199 1866 eomes
1215 1823 1347 1865 habet
1377 1822 1714 1877 proprietatem.

164 1900 208 1939 et
256 1897 486 1939 eomitissa
537 1896 883 1942 usumfructum,
936 1894 1148 1951 quiequid
1180 1894 1277 1948 ipsa
1330 1893 1711 1948 impignoraverit,

164 1982 243 2011 seu
294 1968 498 2025 quolibet
537 1968 672 2009 modo
695 1967 974 2009 alienaverit.
1030 1966 1272 2007 decedente
1302 1964 1392 2011 illa,
1423 1964 1477 2005 ad
1506 1964 1716 2005 comitem

165 2043 427 2087 revertatur,
461 2039 603 2082 nisisi
632 2040 733 2094 quis
763 2051 1074 2094 possessmum
1104 2036 1292 2078 testibus
1319 2037 1393 2076 aut
1417 2034 1592 2089 seriptis
1621 2048 1719 2089 pro-

161 2112 270 2155 bare
295 2111 461 2167 poterit
506 2111 589 2152 hoe
615 2109 918 2165 adquisivisse
945 2122 971 2150 a
998 2109 1127 2149 Petro
1167 2107 1343 2153 comite,
1384 2105 1451 2148 vel
1482 2106 1575 2147 tilio
1620 2105 1718 2160 ejus

163 2182 418 2227 Raimundo
444 2195 547 2224 eum
574 2181 664 2237 jam
695 2180 878 2235 majoris
899 2182 1017 2222 esset
1045 2179 1191 2224 etatis,
1218 2177 1287 2219 vel
1329 2189 1482 2225 eorum
1511 2176 1713 2223 consilio,

161 2257 241 2297 aut
261 2254 390 2309 legali
422 2253 705 2309 possessione
734 2266 780 2294 se
811 2252 1007 2293 tenuisse
1034 2248 1327 2292 ostenderint.

222 2327 284 2368 De
330 2325 566 2380 utriusque
596 2326 750 2379 portus
778 2321 1075 2378 querimonia,
1108 2320 1225 2362 unde
1266 2332 1417 2361 eomes
1444 2321 1716 2374 conquestus

165 2400 246 2442 est,
272 2396 510 2438 Villelmus
540 2397 651 2437 bene
682 2396 723 2436 in
753 2407 888 2435 mauu
918 2392 1114 2447 episcopi
1146 2391 1289 2431 t'irinet
1338 2404 1385 2431 se
1407 2389 1527 2430 illius
1553 2388 1718 2443 jndicio

162 2467 389 2523 justiciam
410 2467 648 2510 facturum:
680 2466 799 2520 quod
829 2465 863 2505 si
886 2461 1204 2517 contempserit
1236 2475 1312 2516 per
1332 2460 1610 2515 episcopum,
1644 2474 1720 2514 per

164 2538 376 2581 comitem
407 2538 555 2581 iaciat.

223 2610 286 2652 De
304 2609 484 2652 edificio
515 2609 664 2658 Vallis,
713 2608 827 2649 uuile
856 2620 1006 2647 eomes
1045 2603 1348 2659 conqueritur,
1377 2601 1626 2656 judicatum
1653 2604 1715 2644 esi

168 2684 214 2723 ut
240 2681 425 2723 dentelli
451 2681 756 2722 destruantur.
801 2681 843 2718 et
870 2678 1019 2731 ipsunt
1049 2674 1289 2720 scadat'aie‚
1320 2677 1364 2715 et
1401 2672 1628 2714 editicium
1659 2672 1722 2726 ip-

167 2765 267 2794 sum
295 2752 350 2794 de
377 2756 524 2794 cetero
551 2751 685 2794 altius
716 2763 800 2791 non
840 2749 932 2790 siai,
965 2750 1005 2787 et
1036 2746 1301 2791 t›a1·1›acana‚
1333 2747 1375 2785 et
1399 2744 1568 2785 vallum
1608 2743 1723 2785 cirea

163 2823 358 2865 domum
386 2823 531 2877 ipsam
556 2835 642 2863 nou
667 2821 757 2862 fiat.

227 2893 288 2935 De
315 2893 446 2936 vallis
475 2892 562 2950 [de]
593 2890 920 2934 Gentreranieis
950 2889 1183 2930 laudatum
1224 2890 1306 2934 est,
1340 2889 1383 2927 ut
1416 2900 1492 2940 per
1512 2885 1721 2927 comitem

167 2967 402 3008 remaneat
422 2978 478 3007 ne
499 2966 764 3018 augeantur,
792 2974 870 3003 nee
898 2959 1172 3002 reficiantur.
