2112 3555
790 209 992 250 —9-

105 327 350 384 recognitis
388 328 464 383 (Ξ
495 325 838 384 recognicionis)
877 327 982 370 inde
1022 327 1173 377 factis,
1204 327 1383 384 plenius
1408 329 1679 380 continetur;

107 411 190 454 pro
225 398 392 454 quibus
436 397 606 453 pariter
647 398 860 441 omnibus
900 401 945 441 et
988 397 1198 453 singulis,
1241 399 1434 442 condam
1456 403 1506 443 et
1549 401 1684 444 modo

107 468 368 525 recognitis,
398 482 481 524 ego
513 468 660 510 dictus
687 469 984 524 Raymundus
1022 468 1142 510 Petri
1170 471 1214 511 et
1239 468 1379 511 futuri
1406 483 1687 515 successores

109 538 220 587 mei,
245 538 417 582 domini
450 538 657 594 Agantici
690 541 734 580 et
768 539 1119 594 pertinencium,
1158 552 1316 582 sumus
1350 543 1393 582 et
1420 554 1519 584 esse
1553 542 1687 584 debe-

109 622 212 652 mus
230 608 438 652 homines
460 608 620 657 vestri,
645 612 689 651 et
709 609 929 651 debemus
972 608 1118 651 facere
1152 609 1427 659 hominium,
1465 615 1512 653 et
1539 611 1687 667 jurare

107 679 397 728 fidelitatem,
421 682 465 722 et
485 693 566 722 vos
587 682 631 721 et
656 682 832 722 vestros
875 693 1157 722 successores
1179 681 1328 736 sequi.
1354 695 1406 724 ac
1426 682 1687 726 deffendere

46 764 49 766 ·
108 763 190 793 vos
217 744 262 793 et
286 752 462 793 vestros
483 750 693 792 homines
733 753 869 805 atque
897 753 1087 798 terram,
1119 764 1169 794 ac
1195 751 1326 794 vobis
1354 756 1398 795 et
1430 754 1592 796 vestris
1626 753 1690 796 fa-

105 833 207 863 cere
232 820 485 863 valenciam
512 820 570 863 ad
597 833 822 875 expensas
859 823 1056 869 vestras,
1087 821 1131 862 in
1158 821 1322 876 placito
1349 827 1393 865 et
1423 823 1477 865 ‘in
1503 837 1685 879 guerra,

107 893 264 934 contra
306 903 429 933 omns
443 903 466 933 s
492 890 720 933 homines.

167 961 394 1004 Debemus
415 961 553 1004 etiam
594 974 674 1016 pro
710 961 920 1016 predictis
949 960 1093 1004 facere
1121 965 1413 1017 apparatum,
1443 965 1574 1008 annis
1602 966 1693 1008 sin-

112 1032 253 1087 gulis,
297 1032 340 1074 in
387 1031 503 1074 festo
542 1033 848 1087 apostolorum
887 1032 1005 1074 Petri
1032 1034 1076 1073 et
1113 1032 1240 1074 Pauli
1279 1037 1474 1089 quatuor
1504 1036 1691 1085 clericis,

110 1105 174 1151 et,
204 1102 252 1144 in
272 1093 479 1158 sequenti
500 1101 614 1144 festo
650 1101 770 1144 beati
800 1102 940 1151 Petri,
970 1102 1182 1145 omnibns
1199 1103 1370 1147 clericis
1405 1105 1692 1150 venientibus

109 1173 167 1216 ad
194 1172 383 1215 festum.

155 1234 220 1287 'Et
263 1244 345 1286 hec
388 1244 543 1286 omnia
586 1257 689 1298 ego,
721 1244 864 1285 ‹l'eins
912 1245 1209 1300 ltaymzindns
1237 1246 1377 1295 Petri,
1412 1261 1493 1303 per
1539 1262 1613 1291 me
1641 1253 1686 1292 et

111 1327 261 1363 meos,
302 1314 516 1370 promitto
556 1315 805 1369 adinipler.¹
847 1314 1040 1357 fideliter
1080 1318 1124 1357 et
1166 1318 1339 1365 tenere,
1372 1321 1416 1360 et
1455 1333 1692 1376 nunquam

109 1385 423 1437 contravenire
477 1385 631 1440 aliqua
670 1384 861 1430 ratione:v
905 1385 1074 1427 faciens
1102 1386 1158 1427 de
1195 1389 1395 1441 presenti
1435 1402 1537 1444 ego,
1568 1391 1691 1433 idem

110 1456 394 1513 Raimundus
434 1455 574 1503 Petri,
607 1468 685 1510 pro
713 1455 799 1497 hiis
827 1469 914 1510 que
940 1455 1049 1497 olim
1076 1470 1103 1497 a
1136 1469 1209 1498 me
1240 1458 1314 1499 vel
1347 1459 1460 1502 meis
1488 1463 1532 1502 et
1558 1462 1693 1504 modo

112 1526 343 1582 recognita
401 1526 669 1574 extiterunt,
719 1526 971 1568 hominium
1014 1526 1142 1568 vobis
1188 1528 1373 1570 domino
1419 1520 1687 1586 Berengario

110 1597 326 1654 episcopo
361 1596 643 1652 supradicto,
672 1595 837 1652 junctis
865 1596 980 1639 meis
1010 1597 1220 1640 manibus
1247 1599 1406 1654 positis
1447 1601 1564 1644 infra
1589 1616 1692 1646 ves-

111 1670 223 1716 tras,
254 1671 299 1711 et
329 1667 464 1711 flexis
502 1668 713 1722 genibus,
745 1667 960 1722 promitto
986 1667 1116 1709 vobis
1145 1671 1188 1710 et
1212 1668 1335 1723 juro,
1367 1684 1505 1726 super
1531 1676 1688 1715 sancta

112 1738 193 1782 Dei
219 1738 457 1794 evangelia
486 1751 514 1780 a
533 1750 605 1780 me
625 1737 917 1793 corporaliter
944 1740 1082 1780 tactos
1109 1738 1186 1793 (z
1208 1742 1364 1797 tecta),
1391 1741 1681 1794 fidelitatem,

112 1810 254 1852 vitam
294 1812 339 1851 et
365 1809 592 1857 membra,
623 1808 728 1850 dato
756 1808 985 1851 firmitatis
1023 1809 1175 1851 osculo
1202 1812 1338 1867 atque
1377 1814 1522 1868 paci&
1553 1818 1596 1857 et
1622 1816 1686 1859 fa-

113 1894 213 1923 cere
239 1893 291 1922 ac
318 1879 505 1935 implere
541 1879 631 1921 alia
656 1879 867 1927 servicia,
898 1893 987 1935 que
1013 1879 1060 1920 in
1088 1880 1300 1935 predictis
1328 1886 1693 1939 recognitionum

111 1950 429 1994 instrumentis
467 1949 777 1999 continentum
810 1939 871 1992 itit
899 1953 1050 1992 tamen
1089 1951 1232 2005 quod,
1267 1956 1481 2008 pretextu
1521 1958 1594 2000 vel
1621 1971 1696 2000 ra-

115 2022 235 2065 tione
271 2020 494 2077 presentis
522 2020 860 2075 recognitionis,
892 2020 995 2063 licet
1022 2021 1079 2062 sit
1118 2021 1237 2064 facta
1276 2024 1452 2078 plenius
1480 2029 1610 2072 solito
1653 2033 1697 2072 et

113 2092 292 2136 noviter
316 2092 470 2149 quoad
501 2092 724 2148 quedam,
756 2105 838 2146 ego
865 2092 939 2134 vel
970 2092 1057 2133 inei
1085 2105 1367 2137 snccesSJres
1400 2111 1488 2139 non
1547 2100 1698 2143 tcneass

115 2175 218 2206 mur
248 2162 322 2205 vel
347 2162 618 2217 obligemur,
652 2161 781 2203 tacite
811 2162 883 2203 vel
918 2175 1154 2216 expresse,
1187 2177 1267 2206 nec
1295 2153 1447 2220 ipsum
1478 2168 1692 2219 feudum,

117 2233 177 2277 ad
215 2232 439 2289 ampliora
465 2231 658 2274 servjcia
685 2245 822 2287 quam
850 2233 907 2274 ad
933 2231 1012 2274 illa
1037 2246 1124 2288 que
1151 2233 1260 2276 olim
1288 2250 1367 2291 pro
1406 2240 1641 2293 predictis,
1671 2255 1698 2284 a

117 2317 190 2348 me
239 2304 314 2347 vel
363 2303 476 2346 meis
520 2303 916 2358 predecessoribus
962 2304 1221 2358 recognitis,
1271 2308 1477 2350 solebant
1523 2311 1619 2353 fieri
1653 2318 1697 2355 et

116 2375 364 2418 debebant.

177 2446 271 2489 Sub
296 2458 386 2501 quo
424 2444 656 2486 fidelitatis
691 2443 946 2499 juramento
972 2444 1206 2499 promitto,
1238 2449 1358 2502 quod
1385 2450 1556 2493 dictum
1602 2454 1697 2496 feu-

113 2511 225 2559 dum
251 2528 341 2558 non
368 2515 592 2562 minuam,
625 2528 706 2557 nec
748 2514 887 2556 in'znni
928 2514 1097 2569 pacinr:
1134 2517 1235 2564 sed,
1268 2519 1383 2562 sient
1444 2525 1697 2577 predictum

116 2590 204 2635 est,
234 2586 397 2629 tenebo
442 2585 638 2646 fideliter
678 2585 954 2627 ‹lsai-valio.
1011 2586 1138 2627 salvo
1181 2588 1315 2630 michi
1361 2593 1617 2647 specialiter
1654 2606 1698 2644 et,

119 2659 290 2701 retento
323 2656 446 2712 quod
489 2656 671 2703 domos,
713 2668 919 2698 neuun-n.
955 2659 1092 2698 terras
1137 2659 1280 2700 cultas
1307 2664 1351 2703 et
1408 2663 1621 2715 incultas,
1653 2665 1697 2710 et

116 2731 266 2772 cetera
306 2741 394 2782 que
456 2726 815 2768 dominacionem
864 2727 933 2767 vel
988 2726 1350 2781 jurisrssintionem
1407 2747 1696 2794 nequaquam

119 2797 381 2854 respiciunt,
430 2797 601 2852 possim
647 2796 863 2844 vendere,
895 2798 1001 2839 «lare
1043 2798 1087 2838 in
1139 2800 1459 2854 emphiteosin
1513 2823 1594 2850 seu
1638 2814 1696 2853 ud

121 2869 306 2911 feudum
355 2882 433 2922 pro
477 2879 575 2908 mee
622 2867 762 2908 libero
807 2867 990 2908 arbitrio
1031 2869 1297 2919 velintatis:
1331 2876 1517 2920 credens
1557 2881 1695 2924 etia.n

244 2974 336 3003 Cart.
360 2974 401 3003 de
421 2973 509 3010 Mag.
532 2973 568 3003 Τ.
593 2972 636 3002 ill
