2040 3404
14 965 45 1028 ,Ἰ

19 1028 39 1059 1

844 198 899 207 --
928 176 1012 219 705
1039 200 1093 207 ——

188 292 281 323 non
309 280 456 324 soluti.

249 352 419 394 Tamen
446 352 482 395 si
528 366 598 395 res
627 353 834 408 superius
862 355 1143 397 controntata
1170 354 1271 410 plus
1299 354 1419 398 valet
1448 355 1520 398 vel
1547 355 1594 398 in
1621 356 1739 400 futu-

187 435 290 465 rum
312 422 480 466 valebit
506 423 655 479 precio
684 425 953 479 supradicto.
987 425 1097 467 illud
1127 428 1286 473 totum,
1319 429 1740 484 quantumcumque

189 493 247 536 sit
272 494 344 537 vel
396 494 543 542 fuerit,
575 497 824 550 spontanea
869 496 1098 538 voluntate
1126 499 1171 538 et
1202 509 1259 538 ex
1299 509 1423 539 mera
1448 500 1492 540 et
1543 498 1739 554 simplici

186 564 454 608 liberalitate
500 578 614 613 mea,
645 565 774 607 vobis
803 569 845 607 et
890 567 1052 608 vestris
1097 567 1216 610 dono
1249 570 1293 610 et
1318 568 1447 611 trado
1499 568 1738 613 donatione

186 635 381 692 simplici
407 635 563 678 habita
588 636 704 678 inter
718 636 773 694 'vi
790 650 884 678 vos.

245 706 361 748 Vero
388 720 467 762 pro
495 706 696 762 qualibet
722 707 998 761 quarterinta
1038 710 1153 750 terre
1181 708 1361 757 dabitis,
1391 709 1593 765 quolibet
1618 723 1738 754 anno

185 790 267 833 pro
311 777 496 825 usatico‚
539 776 585 819 in
630 776 744 819 festo
773 778 914 819 sancti
942 765 1185 826 Michaelis,
1235 779 1418 822 domino
1456 781 1667 837 episcopo
1693 786 1739 825 et

185 847 278 890 suis
324 848 680 896 successoribus,
713 850 800 890 tres
828 848 1031 891 denarios
1079 850 1397 905 melgorienses
1440 855 1484 894 et
1527 855 1737 908 quartam

183 921 359 974 partem
393 919 600 961 omnium
627 919 853 961 fructuum
884 920 986 961 inde
1016 921 1396 974 provenientium.
1427 921 1596 965 scilicet
1642 920 1732 981 [de]

182 989 332 1037 blado,
357 989 478 1038 vino,
510 989 830 1045 leguminibus,
851 992 894 1031 et,
920 990 973 1031 de
995 990 1118 1031 omni
1146 990 1232 1033 alio
1261 990 1420 1038 fructu,
1446 996 1488 1035 et
1509 993 1564 1034 de
1581 992 1727 1048 lignis.

181 1059 349 1109 herbis,
379 1060 630 1107 arboribus,
662 1061 916 1108 venatione,
949 1061 1210 1116 piscatione,
1237 1064 1280 1103 et
1305 1062 1360 1104 de
1393 1063 1605 1106 omnibus
1631 1064 1731 1107 aliis

126 1134 131 1139 '
181 1144 269 1187 que
296 1131 399 1173 inde
427 1131 579 1186 aliquo
607 1132 741 1173 modo
763 1132 1041 1186 provenient.

240 1202 361 1244 Dans
408 1202 536 1244 vobis
563 1206 607 1244 ct
651 1202 899 1244 concedens
929 1203 1108 1257 plenam
1149 1207 1193 1246 et
1219 1203 1407 1246 liberam
1462 1207 1731 1260 potestatem

178 1273 383 1328 piscandi
409 1277 454 1315 et
473 1273 669 1315 venandi
715 1273 760 1314 in
787 1273 1054 1328 caupoleriis
1081 1274 1398 1317 communibus
1424 1275 1542 1317 inter
1560 1289 1642 1319 vos
1686 1280 1730 1320 et

176 1343 412 1386 dominum
434 1343 712 1400 episcopum,
738 1344 864 1385 saiva
891 1346 931 1385 ct
956 1346 1128 1386 retenta
1154 1344 1200 1385 in
1230 1344 1314 1387 hiis
1341 1358 1430 1400 que
1457 1345 1519 1387 ibi
1547 1346 1728 1402 capien-

175 1418 249 1457 tur
285 1415 501 1471 legitime,
530 1418 689 1472 quarta
718 1418 842 1471 parte
872 1415 957 1470 ipsi
985 1415 1168 1457 domino
1195 1415 1405 1472 episcopo
1431 1419 1476 1459 et
1501 1430 1723 1461 successo-

174 1486 300 1528 rihus
327 1486 434 1528 suis.

232 1557 376 1608 Quam
398 1571 493 1600 ren]
531 1557 692 1600 faciam
721 1571 801 1600 vos
829 1561 871 1600 et
915 1560 1089 1599 vestros
1126 1570 1305 1612 semper
1349 1557 1530 1606 habere,
1573 1561 1726 1603 tenere

175 1630 342 1684 quiete,
374 1631 417 1671 ct
461 1628 507 1670 in
535 1642 643 1685 pace
671 1629 919 1684 possidere‚
951 1632 994 1670 et
1033 1628 1090 1670 ab
1129 1628 1251 1669 omni
1274 1629 1602 1672 contradicente
1628 1629 1725 1686 jure

173 1698 449 1747 deftendmm
478 1700 657 1742 tradens
685 1699 789 1741 inde
813 1699 940 1741 vobis
963 1712 1150 1740 vacuam
1184 1698 1531 1754 possessionem;
1556 1703 1602 1742 et,
1642 1714 1723 1756 pro

172 1770 393 1813 evictione
415 1771 706 1817 restituenda,
734 1770 770 1813 si
797 1769 1074 1824 contingeret
1099 1769 1193 1810 fieri
1222 1770 1265 1810 in
1283 1772 1374 1812 toto
1400 1770 1471 1812 vet
1499 1771 1546 1812 in
1572 1775 1714 1827 parte.

171 1841 320 1897 obligo
371 1842 500 1884 vobis
528 1845 572 1884 et
621 1842 782 1884 vestris
811 1842 930 1883 bona
974 1841 1272 1896 episcopatus;
1317 1853 1432 1887 mea,
1463 1854 1568 1889 non,
1616 1841 1724 1897 quia

169 1927 275 1968 gero
304 1913 487 1968 negocia
512 1913 674 1956 aliena.

229 1985 282 2026 Et
309 1984 388 2026 hec
438 1997 619 2026 servare
661 1983 789 2026 vobis
835 1982 1153 2038 stipulantibus
1202 1982 1411 2036 promitto
1452 1996 1531 2037 per
1580 1983 1720 2027 tidem

169 2068 319 2098 meam
346 2055 564 2110 plevitani
592 2057 635 2097 et
661 2054 942 2109 requisitum,
986 2052 1254 2094 renuncians
1278 2052 1320 2094 in
1372 2052 1458 2094 hiis
1483 2055 1607 2096 omni
1632 2054 1717 2110 juri

168 2129 212 2168 et
237 2126 414 2174 rationi,
445 2140 534 2181 quo
563 2125 633 2168 vel
659 2125 824 2180 quibus
851 2127 999 2165 contra
1032 2123 1181 2164 venire
1205 2136 1398 2176 possem.

226 2197 397 2238 Horum
419 2199 523 2240 suut
552 2198 686 2238 testes
715 2195 793 2237 Bn.
821 2196 874 2236 de
902 2194 1069 2236 Gradu.
1096 2194 1250 2235 Petrus
1278 2194 1333 2235 de
1362 2195 1523 2237 Sancta
1555 2195 1712 2241 Maria,

164 2267 203 2310 J.
228 2266 305 2309 del
325 2266 470 2317 Cerre,
500 2267 550 2311 G.
583 2267 638 2309 de
666 2267 887 2313 Launaco,
919 2268 961 2306 et
988 2277 1068 2319 ego
1090 2265 1245 2306 Petrus
1275 2264 1464 2313 Ricardi‚
1507 2266 1713 2321 publicus

167 2339 341 2382 domini
366 2337 697 2394 Magalonensis
712 2336 911 2392 episcopi
928 2335 1139 2383 notarius,
1159 2335 1251 2389 qui.
1276 2338 1454 2388 rogatus
1480 2336 1707 2393 utrinque.

167 2412 250 2453 hec
276 2410 447 2465 scripsi.

223 2555 329 2597 Post
354 2553 450 2599 hcc,
475 2566 593 2595 anno
621 2565 707 2607 quo
737 2565 887 2605 supra,
912 2551 1067 2590 ‹few›
1097 2548 1196 2589 idus
1222 2546 1349 2602 junii,
1379 2547 1592 2590 dominus
1611 2548 1709 2606 Ber.

163 2624 353 2671 Fredoii,
379 2623 459 2665 Dei
479 2623 621 2678 gratia
647 2620 977 2675 Magaifflnwbis
1005 2619 1258 2673 episcopus,
1284 2631 1364 2674 per
1395 2631 1442 2660 se
1468 2621 1514 2661 et
1539 2632 1713 2664 succes-

163 2710 287 2739 sore„
315 2708 420 2738 suus
474 2697 615 2735 rutam
643 2691 800 2734 habuit
840 2690 1003 2731 ‹Y'ctztzn
1033 2689 1323 2731 donationem
1349 2689 1397 2730 in
1440 2690 1707 2745 aoeapstum,

161 2769 328 2811 factam
355 2764 562 2820 superius
603 2777 682 2820 per
707 2762 875 2804 dit-tnui
930 2761 1109 2802 Petrum
1137 2759 1272 2807 OIivi,
1303 2757 1507 2815 bajulum
1558 2773 1708 2804 suum.

165 2842 210 2883 et
235 2849 337 2882 cam
358 2835 452 2892 vipsi
471 2835 668 2878 Julianni
695 2832 906 2875 Ortolano
935 2834 977 2872 ct
1005 2831 1136 2873 Petro
1159 2830 1375 2878 iratribus
1399 2828 1618 2880 laudavit,
1636 2845 1712 2887 ap—

325 2918 419 2949 cart.
439 2917 480 2948 de
501 2917 589 2955 Mag.
611 2916 650 2947 T.
670 2913 718 2947 111
1437 2910 1478 2943 89
