2107 3404
508 509 756 556 DCCLXlIl.
790 536 843 542 -
870 509 898 554 6
924 509 1017 554 mai
1036 508 1153 554 1280

99 652 266 690 vente
275 651 396 688 faite
416 650 447 688 ὲ.
465 649 684 696 reveque
697 649 757 687 de
781 650 905 687 trois
926 650 1105 687 setiers
1126 650 1174 687 et
1187 659 1286 687 une
1306 648 1467 687 emine
1488 648 1612 687 d’or-

2 710 6 716 '
50 721 126 759 ge,
145 720 234 748 sm·
251 710 489 757 quelques
509 711 672 746 terres
694 709 822 746 aises
843 709 874 745 a.
896 708 1189 756 BejargueS.

115 843 246 883 Anno
272 839 505 882 Dominice
533 838 862 883 Incarnationis
892 838 1133 881 millesimo
1184 839 1495 884 ducentesimo
1544 852 1616 883 oc-

55 909 325 966 tuagesimo,
356 909 568 953 videlieet
595 909 740 965 pridie
778 921 921 953 nonas
948 908 1073 957 maii.
1122 909 1331 953 noverint
1356 909 1612 953 universi...

59 980 183 1038 quod
209 994 292 1036 ego
336 980 582 1024 Gniilelma
607 980 875 1037 Raynauda‚
907 993 1024 1022 uxor
1054 980 1284 1037 quondam
1325 981 1476 1023 Poncii
1505 983 1620 1037 Ray-

0 1100 10 1116 ,
61 1050 200 1095 naudi
220 1051 541 1094 laboratoris...
567 1051 771 1094 vendo...
797 1050 878 1092 tibi
897 1050 1092 1094 Johanni
1119 1050 1422 1094 Bartholomei
1443 1051 1616 1099 elerico.

64 1121 338 1179 procuratori
364 1121 539 1164 domini
567 1121 840 1177 Berengarii,
871 1121 950 1164 Dei
975 1121 1121 1176 gratia
1145 1121 1479 1177 Magalonensis
1529 1122 1623 1180 opi-

0 1178 17 1221 *a
63 1191 202 1248 scopi,
233 1191 475 1247 stipulanti
502 1195 547 1234 et
572 1192 807 1247 recipienti
830 1205 909 1247 pro
937 1192 1036 1248 ipso
1056 1194 1101 1235 et
1128 1193 1312 1235 nomine
1339 1193 1618 1249 ejusdem...,

11 1303 23 1311 ,
65 1263 124 1306 ad
150 1275 308 1305 omnes
360 1262 701 1306 voluntates....›

738 1262 908 1306 scilicet
952 1257 1290 1306 t1·es'sox·ar30s
1335 1266 1379 1306 et
1405 1264 1624 1317 eiminam

66 1332 192 1377 o'rdei
217 1331 377 1375 usatioi
396 1332 650 1374 annuatim:
1658 1325 1662 1327 ’

130 1403 197 1446 Ex
223 1402 389 1459 quibus
420 1402 556 1444 michi
583 1402 809 1445 faciebant
852 1406 897 1446 ct
924 1403 1068 1446 faeere
1099 1406 1308 1446 tenentur
1331 1405 1559 1449 Johannes
1586 1410 1630 1449 et

11 1503 18 1508 -
71 1475 119 1518 P.
143 1472 391 1528 Figuerolis
418 1472 695 1516 laboratores
723 1474 835 1516 duos
862 1474 1083 1516 sfxtaiios
1122 1475 1247 1516 ordei
1272 1477 1523 1525 annuatim,
1554 1490 1632 1519 no-

0 1555 32 1587 .;·
75 1544 196 1586 mine
223 1543 397 1592 usatici‚
446 1543 493 1584 in
520 1543 634 1586 testo
662 1545 804 1586 saneti
832 1544 950 1586 Petri
991 1545 1047 1586 de
1075 1548 1283 1599 augusto,
1309 1560 1389 1601 pro
1433 1548 1632 1603 quadam

16 1652 18 1656 ,
75 1615 203 1671 pecia
248 1617 378 1661 terre,
411 1614 575 1669 partim
629 1615 765 1657 vinea
792 1618 830 1656 el
862 1615 1026 1670 partim
1075 1629 1176 1662 non,
1207 1629 1346 1672 quam
1374 1617 1543 1660 habent
1593 1623 1636 1660 et

76 1687 230 1728 tenent
255 1698 283 1727 a
308 1684 425 1727 (licto
452 1685 637 1726 domino
665 1685 878 1741 episcopo
909 1686 952 1727 in
977 1687 1213 1741 parrochia
1235 1687 1387 1730 Sancti
1415 1689 1637 1744 Stephani

78 1755 135 1798 de
162 1754 396 1811 Bojanicis,
428 1755 472 1796 in
501 1758 760 1798 tenemento
786 1757 921 1798 castri
942 1757 996 1799 de
1020 1758 1231 1806 Terralio;
1264 1761 1306 1800 ot
1333 1759 1639 1802 controntatur

16 1838 31 1861 ἃ
81 1838 185 1869 cum
214 1826 311 1867 rivo
338 1826 573 1873 colunum,
599 1828 767 1868 etcum
796 1827 872 1869 via
897 1841 988 1883 qna
1015 1827 1105 1869 itur
1148 1841 1307 1871 versus
1335 1829 1482 1877 Laws,
1514 1833 1559 1872 et
1584 1844 1642 1873 ex

81 1896 171 1940 alia
188 1908 291 1938 cum
319 1895 400 1938 via.
419 1909 510 1952 qua
538 1897 626 1938 itur
655 1910 815 1939 versus
843 1898 1356 1953 Montempessnlanum.

144 1967 257 2009 Item
285 1966 392 2008 iacit
418 1967 571 2014 michi,
602 1979 660 2008 ex
687 1967 817 2010 dietis
839 1968 982 2010 tribus
1010 1969 1220 2012 sextariis
1242 1977 1285 2012 et
1312 1970 1480 2014 eimina
1499 1971 1639 2020 ordei,

85 2050 227 2079 unum
250 2037 500 2079 sextarium
521 2038 759 2080 annuatim
789 2052 869 2093 pro
891 2039 1079 2087 usatica
1111 2040 1156 2081 in
1184 2040 1302 2083 dioto
1322 2041 1452 2090 festo,
1484 2042 1645 2086 Eutaia

86 2120 203 2151 uxor
228 2106 449 2162 ejusdem,
481 2121 561 2163 pro
596 2109 795 2163 quadam
823 2110 951 2164 peeia
971 2112 1085 2152 terre
1112 2124 1250 2167 quam
1302 2112 1471 2155 habent
1498 2116 1542 2155 et
1587 2116 1648 2156 te-

49 2175 64 2195 '·
88 2180 199 2220 nent
224 2190 251 2220 a
277 2177 396 2219 dicto
446 2178 630 2220 domino
682 2178 892 2234 episcopo
935 2180 981 2221 in
1008 2180 1254 2224 decimaria
1303 2186 1346 2230 et
1391 2186 1649 2227 tenemento

39 2247 319 2309 Jpredictiffi
349 2250 392 2289 et
412 2248 720 2290 confrontatur
745 2250 826 2291 heo
852 2250 980 2305 peoia
1005 2263 1107 2292 cnm
1139 2251 1316 2295 duabus
1343 2254 1430 2296 viis
1460 2254 1650 2309 publicis

18 3169 82 3404 {We-3&
26 3096 65 3135 :1³

92 2331 150 2361 ex
170 2319 346 2360 duabus
373 2319 590 2373 partibus,
621 2322 665 2360 et.
691 2333 749 2361 ex
774 2320 864 2362 alia
889 2334 991 2362 cum
1019 2321 1187 2364 honore
1208 2321 1438 2380 dempelat
1465 2324 1652 2374 (zd'en

98 2387 268 2444 Pelat).

158 2459 270 2501 Item
292 2471 431 2501 unam
471 2459 690 2501 eiminain
719 2460 859 2507 ordei,
891 2475 948 2503 ex
999 2461 1129 2504 dictis
1182 2463 1324 2506 tribus
1376 2466 1585 2508 sextariis
1612 2472 1655 2509 et

98 2529 284 2578 eimina,
316 2538 456 2584 quam
484 2530 616 2572 miehi
659 2530 763 2573 iacit
789 2533 1039 2579 annuatim,
1072 2534 1254 2577 nomine
1282 2535 1439 2578 usatioi
1468 2537 1511 2578 in
1540 2538 1656 2580 dicto

100 2599 229 2648 festo,
260 2600 529 2642 Guillelmus
554 2601 732 2642 Piniani
754 2602 1004 2658 draperius,
1031 2617 1110 2658 pro
1131 2605 1330 2660 quadam
1352 2609 1479 2662 pecia
1506 2608 1654 2655 vinee,

101 2682 241 2726 quam
268 2669 405 2712 habet
431 2673 476 2712 et
503 2673 624 2712 tenet
649 2684 675 2713 a
703 2672 822 2714 dicto
849 2673 1034 2715 domino
1064 2676 1275 2730 episcopo
1302 2676 1346 2717 in
1368 2677 1498 2719 dictis
1543 2678 1661 2720 deci-

104 2740 248 2783 ‘maria
273 2743 318 2782 et
343 2737 617 2783 tenemento:
649 2744 693 2784 et
742 2743 1053 2785 controntatur
1101 2758 1202 2786 cum
1233 2746 1308 2788 via
1333 2760 1423 2801 qua
1467 2748 1557 2790 itur
1605 2750 1660 2791 de

107 2822 267 2853 manso
295 2810 351 2852 de
380 2811 525 2852 Lausa
549 2825 706 2854 versus
733 2813 1251 2868 Montenipessulanum,
1277 2820 1320 2858 et
1342 2831 1395 2858 ex
1418 2818 1506 2859 alia
1528 2818 1662 2877 [cuin]

108 2881 274 2923 vallato
300 2879 355 2921 de
383 2879 451 2921 las
482 2880 759 2929 Plantaclas,
790 2886 834 2925 et
860 2897 917 2926 ex
944 2885 1029 2925 alia
1059 2899 1161 2927 eum
1214 2886 1381 2928 honore
1434 2887 1588 2930 (blane
1613 2890 1667 2931 de
