<?xml version="1.0" encoding="UTF-8"?>
<!DOCTYPE html PUBLIC "-//W3C//DTD XHTML 1.0 Transitional//EN"
    "http://www.w3.org/TR/xhtml1/DTD/xhtml1-transitional.dtd">
<html xmlns="http://www.w3.org/1999/xhtml" xml:lang="en" lang="en">
 <head>
  <title>
</title>
<meta http-equiv="Content-Type" content="text/html;charset=utf-8" />
  <meta name='ocr-system' content='tesseract 3.04.00' />
  <meta name='ocr-capabilities' content='ocr_page ocr_carea ocr_par ocr_line ocrx_word'/>
</head>
<body>
  <div class='ocr_page' id='page_1' title='image "./cartulairedemagu03cathuoft_0085.png"; bbox 0 0 2112 3555; ppageno 0'>
   <div class='ocr_carea' id='block_1_1' title="bbox 863 332 914 350">
    <p class='ocr_par' dir='ltr' id='par_1_1' title="bbox 863 332 914 350">
     <span class='ocr_line' id='line_1_1' title="bbox 863 332 914 350; baseline 0 -9"><span class='ocrx_word' id='word_1_1' title='bbox 863 332 914 350; x_wconf 51' lang='grc' dir='ltr'><strong>..ἢ</strong></span> 
     </span>
    </p>
   </div>
   <div class='ocr_carea' id='block_1_2' title="bbox 799 351 997 372">
    <p class='ocr_par' dir='ltr' id='par_1_2' title="bbox 799 351 997 372">
     <span class='ocr_line' id='line_1_2' title="bbox 799 351 997 372; baseline 0.005 -11"><span class='ocrx_word' id='word_1_2' title='bbox 799 351 997 372; x_wconf 58' lang='grc' dir='ltr'><strong>-Μ-</strong></span> 
     </span>
    </p>
   </div>
   <div class='ocr_carea' id='block_1_3' title="bbox 95 421 1672 2818">
    <p class='ocr_par' dir='ltr' id='par_1_3' title="bbox 108 421 1666 621">
     <span class='ocr_line' id='line_1_3' title="bbox 168 421 1666 483; baseline 0.005 -17"><span class='ocrx_word' id='word_1_3' title='bbox 168 421 222 466; x_wconf 88' lang='lat' dir='ltr'><strong>Et</strong></span> <span class='ocrx_word' id='word_1_4' title='bbox 246 423 516 479; x_wconf 76' lang='lat' dir='ltr'><strong>generaliter</strong></span> <span class='ocrx_word' id='word_1_5' title='bbox 541 423 747 468; x_wconf 90' lang='lat' dir='ltr'><strong>omnium</strong></span> <span class='ocrx_word' id='word_1_6' title='bbox 773 439 860 482; x_wconf 88' lang='lat' dir='ltr'><strong>que</strong></span> <span class='ocrx_word' id='word_1_7' title='bbox 888 426 1035 470; x_wconf 85' lang='lat' dir='ltr'><strong>habeo</strong></span> <span class='ocrx_word' id='word_1_8' title='bbox 1062 430 1106 470; x_wconf 88' lang='lat' dir='ltr'><strong>et</strong></span> <span class='ocrx_word' id='word_1_9' title='bbox 1132 426 1356 483; x_wconf 83' lang='lat' dir='ltr'><strong>possideo,</strong></span> <span class='ocrx_word' id='word_1_10' title='bbox 1381 428 1455 472; x_wconf 85' lang='lat' dir='ltr'><strong>vel</strong></span> <span class='ocrx_word' id='word_1_11' title='bbox 1500 429 1666 474; x_wconf 78' lang='lat' dir='ltr'><strong>habere</strong></span> 
     </span>
     <span class='ocr_line' id='line_1_4' title="bbox 108 494 1661 556; baseline 0.005 -20"><span class='ocrx_word' id='word_1_12' title='bbox 108 494 253 536; x_wconf 89' lang='lat' dir='ltr'><strong>debeo</strong></span> <span class='ocrx_word' id='word_1_13' title='bbox 278 494 326 537; x_wconf 91' lang='lat' dir='ltr'><strong>in</strong></span> <span class='ocrx_word' id='word_1_14' title='bbox 360 497 457 538; x_wconf 76' lang='lat' dir='ltr'><strong>{oto</strong></span> <span class='ocrx_word' id='word_1_15' title='bbox 485 495 747 551; x_wconf 85' lang='lat' dir='ltr'><strong>episcopatu</strong></span> <span class='ocrx_word' id='word_1_16' title='bbox 773 497 1084 552; x_wconf 81' lang='lat' dir='ltr'><strong>Magalonensi</strong></span> <span class='ocrx_word' id='word_1_17' title='bbox 1112 501 1156 541; x_wconf 86' lang='lat' dir='ltr'><strong>et</strong></span> <span class='ocrx_word' id='word_1_18' title='bbox 1199 499 1416 542; x_wconf 82' lang='lat' dir='ltr'><strong>comitatu</strong></span> <span class='ocrx_word' id='word_1_19' title='bbox 1444 502 1661 556; x_wconf 49' lang='lat' dir='ltr'><strong>pridicto,</strong></span> 
     </span>
     <span class='ocr_line' id='line_1_5' title="bbox 108 565 792 621; baseline 0.001 -14"><span class='ocrx_word' id='word_1_20' title='bbox 108 568 302 621; x_wconf 84' lang='lat' dir='ltr'><strong>excepta</strong></span> <span class='ocrx_word' id='word_1_21' title='bbox 327 565 438 608; x_wconf 87' lang='lat' dir='ltr'><strong>villa</strong></span> <span class='ocrx_word' id='word_1_22' title='bbox 464 566 519 608; x_wconf 90' lang='lat' dir='ltr'><strong>de</strong></span> <span class='ocrx_word' id='word_1_23' title='bbox 548 565 753 609; x_wconf 85' lang='lat' dir='ltr'><strong>Salsinis:</strong></span> <span class='ocrx_word' id='word_1_24' title='bbox 776 565 792 588; x_wconf 64' lang='lat'><strong><em>³</em></strong></span> 
     </span>
    </p>

    <p class='ocr_par' dir='ltr' id='par_1_4' title="bbox 101 635 1669 1048">
     <span class='ocr_line' id='line_1_6' title="bbox 169 635 1662 697; baseline 0.005 -19"><span class='ocrx_word' id='word_1_25' title='bbox 169 635 263 678; x_wconf 88' lang='lat' dir='ltr'><strong>Sub</strong></span> <span class='ocrx_word' id='word_1_26' title='bbox 284 636 367 679; x_wconf 85' lang='lat' dir='ltr'><strong>hac</strong></span> <span class='ocrx_word' id='word_1_27' title='bbox 388 637 597 685; x_wconf 65' lang='lat' dir='ltr'><strong>xtidclicct</strong></span> <span class='ocrx_word' id='word_1_28' title='bbox 616 637 777 686; x_wconf 82' lang='lat' dir='ltr'><strong>forma,</strong></span> <span class='ocrx_word' id='word_1_29' title='bbox 803 639 925 695; x_wconf 90' lang='lat' dir='ltr'><strong>quod</strong></span> <span class='ocrx_word' id='word_1_30' title='bbox 946 653 1027 695; x_wconf 89' lang='lat' dir='ltr'><strong>pro</strong></span> <span class='ocrx_word' id='word_1_31' title='bbox 1050 640 1264 695; x_wconf 83' lang='lat' dir='ltr'><strong>predictis</strong></span> <span class='ocrx_word' id='word_1_32' title='bbox 1287 640 1452 690; x_wconf 81' lang='lat' dir='ltr'><strong>feudis,</strong></span> <span class='ocrx_word' id='word_1_33' title='bbox 1478 655 1662 697; x_wconf 84' lang='lat' dir='ltr'><strong>expres-</strong></span> 
     </span>
     <span class='ocr_line' id='line_1_7' title="bbox 107 707 1666 764; baseline 0.004 -15"><span class='ocrx_word' id='word_1_34' title='bbox 107 707 170 749; x_wconf 90' lang='lat' dir='ltr'><strong>sis</strong></span> <span class='ocrx_word' id='word_1_35' title='bbox 202 709 246 749; x_wconf 89' lang='lat' dir='ltr'><strong>et</strong></span> <span class='ocrx_word' id='word_1_36' title='bbox 271 720 363 750; x_wconf 90' lang='lat' dir='ltr'><strong>non</strong></span> <span class='ocrx_word' id='word_1_37' title='bbox 389 708 632 763; x_wconf 84' lang='lat' dir='ltr'><strong>expressis,</strong></span> <span class='ocrx_word' id='word_1_38' title='bbox 663 722 744 764; x_wconf 80' lang='lat' dir='ltr'><strong>ego</strong></span> <span class='ocrx_word' id='word_1_39' title='bbox 772 712 813 751; x_wconf 86' lang='lat' dir='ltr'><strong>et</strong></span> <span class='ocrx_word' id='word_1_40' title='bbox 842 723 1121 753; x_wconf 85' lang='lat' dir='ltr'><strong>successores</strong></span> <span class='ocrx_word' id='word_1_41' title='bbox 1172 712 1259 754; x_wconf 92' lang='lat' dir='ltr'><strong>mei</strong></span> <span class='ocrx_word' id='word_1_42' title='bbox 1289 725 1370 754; x_wconf 77' lang='lat' dir='ltr'><strong>vos</strong></span> <span class='ocrx_word' id='word_1_43' title='bbox 1398 715 1442 754; x_wconf 91' lang='lat' dir='ltr'><strong>et</strong></span> <span class='ocrx_word' id='word_1_44' title='bbox 1506 726 1666 755; x_wconf 89' lang='lat' dir='ltr'><strong>omnes</strong></span> 
     </span>
     <span class='ocr_line' id='line_1_8' title="bbox 107 779 1669 838; baseline 0.003 -17"><span class='ocrx_word' id='word_1_45' title='bbox 107 790 388 821; x_wconf 86' lang='lat' dir='ltr'><strong>successores</strong></span> <span class='ocrx_word' id='word_1_46' title='bbox 414 781 591 821; x_wconf 77' lang='lat' dir='ltr'><strong>vestros</strong></span> <span class='ocrx_word' id='word_1_47' title='bbox 618 779 665 821; x_wconf 91' lang='lat' dir='ltr'><strong>in</strong></span> <span class='ocrx_word' id='word_1_48' title='bbox 694 780 911 823; x_wconf 84' lang='lat' dir='ltr'><strong>comitatu</strong></span> <span class='ocrx_word' id='word_1_49' title='bbox 961 781 1161 836; x_wconf 84' lang='lat' dir='ltr'><strong>predicto</strong></span> <span class='ocrx_word' id='word_1_50' title='bbox 1189 782 1438 825; x_wconf 80' lang='lat' dir='ltr'><strong>debeamus</strong></span> <span class='ocrx_word' id='word_1_51' title='bbox 1466 783 1595 838; x_wconf 89' lang='lat' dir='ltr'><strong>sequi</strong></span> <span class='ocrx_word' id='word_1_52' title='bbox 1620 783 1669 825; x_wconf 93' lang='grc'><strong>111</strong></span> 
     </span>
     <span class='ocr_line' id='line_1_9' title="bbox 106 849 1668 911; baseline 0.003 -19"><span class='ocrx_word' id='word_1_53' title='bbox 106 849 380 911; x_wconf 77' lang='lat' dir='ltr'><strong>exercitibus</strong></span> <span class='ocrx_word' id='word_1_54' title='bbox 420 851 463 891; x_wconf 87' lang='lat' dir='ltr'><strong>et</strong></span> <span class='ocrx_word' id='word_1_55' title='bbox 489 850 745 899; x_wconf 76' lang='lat' dir='ltr'><strong>cavalcatis,</strong></span> <span class='ocrx_word' id='word_1_56' title='bbox 801 854 845 892; x_wconf 87' lang='lat' dir='ltr'><strong>et</strong></span> <span class='ocrx_word' id='word_1_57' title='bbox 893 851 977 893; x_wconf 88' lang='lat' dir='ltr'><strong>hoc</strong></span> <span class='ocrx_word' id='word_1_58' title='bbox 1026 852 1083 893; x_wconf 87' lang='lat' dir='ltr'><strong>ad</strong></span> <span class='ocrx_word' id='word_1_59' title='bbox 1128 866 1354 907; x_wconf 85' lang='lat' dir='ltr'><strong>expensas</strong></span> <span class='ocrx_word' id='word_1_60' title='bbox 1404 857 1594 897; x_wconf 78' lang='lat' dir='ltr'><strong>vestras.</strong></span> <span class='ocrx_word' id='word_1_61' title='bbox 1625 856 1668 896; x_wconf 85' lang='lat' dir='ltr'><strong>et</strong></span> 
     </span>
     <span class='ocr_line' id='line_1_10' title="bbox 101 909 1669 976; baseline 0.002 -13"><span class='ocrx_word' id='word_1_62' title='bbox 101 920 281 963; x_wconf 66' lang='lat' dir='ltr'><strong>tantum</strong></span> <span class='ocrx_word' id='word_1_63' title='bbox 307 920 425 962; x_wconf 77' lang='lat' dir='ltr'><strong>infra</strong></span> <span class='ocrx_word' id='word_1_64' title='bbox 473 909 786 976; x_wconf 87' lang='lat' dir='ltr'><strong>episcopatum</strong></span> <span class='ocrx_word' id='word_1_65' title='bbox 819 924 1025 964; x_wconf 79' lang='lat' dir='ltr'><strong>vestrum</strong></span> <span class='ocrx_word' id='word_1_66' title='bbox 1052 925 1096 964; x_wconf 85' lang='lat' dir='ltr'><strong>et</strong></span> <span class='ocrx_word' id='word_1_67' title='bbox 1139 924 1419 972; x_wconf 84' lang='lat' dir='ltr'><strong>comitatum,</strong></span> <span class='ocrx_word' id='word_1_68' title='bbox 1475 927 1520 966; x_wconf 83' lang='lat' dir='ltr'><strong>et</strong></span> <span class='ocrx_word' id='word_1_69' title='bbox 1564 936 1669 966; x_wconf 90' lang='lat' dir='ltr'><strong>cum</strong></span> 
     </span>
     <span class='ocr_line' id='line_1_11' title="bbox 104 991 620 1048; baseline 0 -14"><span class='ocrx_word' id='word_1_70' title='bbox 104 991 286 1048; x_wconf 86' lang='lat' dir='ltr'><strong>quantis</strong></span> <span class='ocrx_word' id='word_1_71' title='bbox 312 1004 394 1046; x_wconf 85' lang='lat' dir='ltr'><strong>ego</strong></span> <span class='ocrx_word' id='word_1_72' title='bbox 419 991 620 1039; x_wconf 66' lang='lat' dir='ltr'><strong>voluerm</strong></span> 
     </span>
    </p>

    <p class='ocr_par' dir='ltr' id='par_1_5' title="bbox 101 1060 1672 1602">
     <span class='ocr_line' id='line_1_12' title="bbox 162 1060 1671 1124; baseline 0.002 -20"><span class='ocrx_word' id='word_1_73' title='bbox 162 1062 360 1118; x_wconf 82' lang='lat' dir='ltr'><strong>Excepto</strong></span> <span class='ocrx_word' id='word_1_74' title='bbox 377 1060 533 1105; x_wconf 74' lang='lat' dir='ltr'><strong>tamen</strong></span> <span class='ocrx_word' id='word_1_75' title='bbox 560 1063 696 1124; x_wconf 79' lang='lat' dir='ltr'><strong>quod,</strong></span> <span class='ocrx_word' id='word_1_76' title='bbox 728 1077 809 1118; x_wconf 89' lang='lat' dir='ltr'><strong>pro</strong></span> <span class='ocrx_word' id='word_1_77' title='bbox 830 1064 1044 1118; x_wconf 80' lang='lat' dir='ltr'><strong>predictis</strong></span> <span class='ocrx_word' id='word_1_78' title='bbox 1074 1064 1238 1112; x_wconf 80' lang='lat' dir='ltr'><strong>feudis,</strong></span> <span class='ocrx_word' id='word_1_79' title='bbox 1271 1078 1352 1120; x_wconf 76' lang='lat' dir='ltr'><strong>ego</strong></span> <span class='ocrx_word' id='word_1_80' title='bbox 1380 1066 1671 1107; x_wconf 66' lang='grc'>0150000550-</span> 
     </span>
     <span class='ocr_line' id='line_1_13' title="bbox 104 1133 1672 1190; baseline 0.001 -14"><span class='ocrx_word' id='word_1_81' title='bbox 104 1147 177 1176; x_wconf 90' lang='lat' dir='ltr'><strong>res</strong></span> <span class='ocrx_word' id='word_1_82' title='bbox 206 1133 296 1176; x_wconf 90' lang='lat' dir='ltr'><strong>mei</strong></span> <span class='ocrx_word' id='word_1_83' title='bbox 322 1147 414 1176; x_wconf 91' lang='lat' dir='ltr'><strong>non</strong></span> <span class='ocrx_word' id='word_1_84' title='bbox 435 1137 645 1176; x_wconf 88' lang='lat' dir='ltr'><strong>tenemur</strong></span> <span class='ocrx_word' id='word_1_85' title='bbox 670 1147 753 1176; x_wconf 89' lang='lat' dir='ltr'><strong>vos</strong></span> <span class='ocrx_word' id='word_1_86' title='bbox 781 1137 825 1176; x_wconf 84' lang='lat' dir='ltr'><strong>et</strong></span> <span class='ocrx_word' id='word_1_87' title='bbox 857 1147 1138 1177; x_wconf 82' lang='lat' dir='ltr'><strong>successores</strong></span> <span class='ocrx_word' id='word_1_88' title='bbox 1161 1138 1336 1178; x_wconf 75' lang='lat' dir='ltr'><strong>vestros</strong></span> <span class='ocrx_word' id='word_1_89' title='bbox 1363 1135 1492 1190; x_wconf 88' lang='lat' dir='ltr'><strong>sequi</strong></span> <span class='ocrx_word' id='word_1_90' title='bbox 1517 1137 1672 1178; x_wconf 82' lang='lat' dir='ltr'><strong>contra</strong></span> 
     </span>
     <span class='ocr_line' id='line_1_14' title="bbox 105 1204 1662 1261; baseline 0.001 -14"><span class='ocrx_word' id='word_1_91' title='bbox 105 1204 219 1248; x_wconf 88' lang='lat' dir='ltr'><strong>alios</strong></span> <span class='ocrx_word' id='word_1_92' title='bbox 247 1204 470 1253; x_wconf 89' lang='lat' dir='ltr'><strong>dominos,</strong></span> <span class='ocrx_word' id='word_1_93' title='bbox 501 1218 529 1247; x_wconf 93' lang='lat' dir='ltr'><strong>a</strong></span> <span class='ocrx_word' id='word_1_94' title='bbox 547 1204 713 1261; x_wconf 88' lang='lat' dir='ltr'><strong>quibus</strong></span> <span class='ocrx_word' id='word_1_95' title='bbox 740 1204 877 1246; x_wconf 78' lang='lat' dir='ltr'><strong>feuda</strong></span> <span class='ocrx_word' id='word_1_96' title='bbox 905 1208 1048 1253; x_wconf 89' lang='lat' dir='ltr'><strong>teneo,</strong></span> <span class='ocrx_word' id='word_1_97' title='bbox 1079 1208 1290 1261; x_wconf 85' lang='lat' dir='ltr'><strong>parentes</strong></span> <span class='ocrx_word' id='word_1_98' title='bbox 1312 1205 1385 1248; x_wconf 82' lang='lat' dir='ltr'><strong>vel</strong></span> <span class='ocrx_word' id='word_1_99' title='bbox 1412 1206 1662 1261; x_wconf 83' lang='lat' dir='ltr'><strong>proximos,</strong></span> 
     </span>
     <span class='ocr_line' id='line_1_15' title="bbox 103 1275 1664 1333; baseline -0.001 -14"><span class='ocrx_word' id='word_1_100' title='bbox 103 1278 155 1333; x_wconf 31' lang='lat' dir='ltr'><strong>et·</strong></span> <span class='ocrx_word' id='word_1_101' title='bbox 176 1275 431 1331; x_wconf 78' lang='lat' dir='ltr'><strong>specialiter</strong></span> <span class='ocrx_word' id='word_1_102' title='bbox 450 1278 607 1317; x_wconf 90' lang='lat' dir='ltr'><strong>contra</strong></span> <span class='ocrx_word' id='word_1_103' title='bbox 626 1288 778 1330; x_wconf 80' lang='lat' dir='ltr'><strong>regem</strong></span> <span class='ocrx_word' id='word_1_104' title='bbox 805 1276 1093 1319; x_wconf 84' lang='lat' dir='ltr'><strong>Francorum.</strong></span> <span class='ocrx_word' id='word_1_105' title='bbox 1126 1277 1173 1318; x_wconf 82' lang='lat' dir='ltr'><strong>Si</strong></span> <span class='ocrx_word' id='word_1_106' title='bbox 1201 1279 1354 1319; x_wconf 85' lang='lat' dir='ltr'><strong>tamen</strong></span> <span class='ocrx_word' id='word_1_107' title='bbox 1378 1279 1664 1331; x_wconf 83' lang='lat' dir='ltr'><strong>contingeret</strong></span> 
     </span>
     <span class='ocr_line' id='line_1_16' title="bbox 106 1346 1659 1403; baseline 0 -15"><span class='ocrx_word' id='word_1_108' title='bbox 106 1359 180 1389; x_wconf 90' lang='lat' dir='ltr'><strong>me</strong></span> <span class='ocrx_word' id='word_1_109' title='bbox 201 1348 246 1388; x_wconf 90' lang='lat' dir='ltr'><strong>et</strong></span> <span class='ocrx_word' id='word_1_110' title='bbox 272 1359 552 1388; x_wconf 84' lang='lat' dir='ltr'><strong>successores</strong></span> <span class='ocrx_word' id='word_1_111' title='bbox 580 1358 705 1388; x_wconf 87' lang='lat' dir='ltr'><strong>meos</strong></span> <span class='ocrx_word' id='word_1_112' title='bbox 753 1346 881 1401; x_wconf 85' lang='lat' dir='ltr'><strong>sequi</strong></span> <span class='ocrx_word' id='word_1_113' title='bbox 909 1347 1148 1388; x_wconf 91' lang='lat' dir='ltr'><strong>dominum</strong></span> <span class='ocrx_word' id='word_1_114' title='bbox 1175 1360 1329 1402; x_wconf 81' lang='lat' dir='ltr'><strong>regem</strong></span> <span class='ocrx_word' id='word_1_115' title='bbox 1368 1347 1659 1403; x_wconf 85' lang='lat' dir='ltr'><strong>Francorum,</strong></span> 
     </span>
     <span class='ocr_line' id='line_1_17' title="bbox 101 1415 1669 1463; baseline 0.001 -5"><span class='ocrx_word' id='word_1_116' title='bbox 101 1417 176 1460; x_wconf 85' lang='lat' dir='ltr'><strong>vel</strong></span> <span class='ocrx_word' id='word_1_117' title='bbox 220 1417 460 1459; x_wconf 90' lang='lat' dir='ltr'><strong>dominum</strong></span> <span class='ocrx_word' id='word_1_118' title='bbox 511 1417 566 1458; x_wconf 91' lang='lat' dir='ltr'><strong>de</strong></span> <span class='ocrx_word' id='word_1_119' title='bbox 592 1415 743 1463; x_wconf 67' lang='lat' dir='ltr'><strong>Saloe,</strong></span> <span class='ocrx_word' id='word_1_120' title='bbox 775 1420 931 1459; x_wconf 87' lang='lat' dir='ltr'><strong>contra</strong></span> <span class='ocrx_word' id='word_1_121' title='bbox 973 1431 1054 1459; x_wconf 68' lang='lat' dir='ltr'><strong>vos</strong></span> <span class='ocrx_word' id='word_1_122' title='bbox 1081 1418 1155 1458; x_wconf 77' lang='lat' dir='ltr'><strong>vel</strong></span> <span class='ocrx_word' id='word_1_123' title='bbox 1201 1421 1359 1459; x_wconf 88' lang='lat' dir='ltr'><strong>contra</strong></span> <span class='ocrx_word' id='word_1_124' title='bbox 1403 1418 1669 1460; x_wconf 84' lang='lat' dir='ltr'><strong>comitatum</strong></span> 
     </span>
     <span class='ocr_line' id='line_1_18' title="bbox 103 1486 1668 1544; baseline 0 -14"><span class='ocrx_word' id='word_1_125' title='bbox 103 1488 375 1544; x_wconf 88' lang='lat' dir='ltr'><strong>predictum,</strong></span> <span class='ocrx_word' id='word_1_126' title='bbox 406 1486 543 1530; x_wconf 78' lang='lat' dir='ltr'><strong>feuda</strong></span> <span class='ocrx_word' id='word_1_127' title='bbox 569 1487 771 1542; x_wconf 88' lang='lat' dir='ltr'><strong>predicta</strong></span> <span class='ocrx_word' id='word_1_128' title='bbox 810 1500 900 1529; x_wconf 91' lang='lat' dir='ltr'><strong>non</strong></span> <span class='ocrx_word' id='word_1_129' title='bbox 925 1487 1128 1530; x_wconf 83' lang='lat' dir='ltr'><strong>incidant</strong></span> <span class='ocrx_word' id='word_1_130' title='bbox 1153 1490 1340 1543; x_wconf 83' lang='lat' dir='ltr'><strong>propter</strong></span> <span class='ocrx_word' id='word_1_131' title='bbox 1365 1487 1449 1529; x_wconf 90' lang='lat' dir='ltr'><strong>hoc</strong></span> <span class='ocrx_word' id='word_1_132' title='bbox 1474 1488 1521 1528; x_wconf 92' lang='lat' dir='ltr'><strong>in</strong></span> <span class='ocrx_word' id='word_1_133' title='bbox 1547 1500 1668 1530; x_wconf 85' lang='lat' dir='ltr'><strong>com-</strong></span> 
     </span>
     <span class='ocr_line' id='line_1_19' title="bbox 103 1559 310 1602; baseline -0.005 -1"><span class='ocrx_word' id='word_1_134' title='bbox 103 1559 310 1602; x_wconf 90' lang='lat' dir='ltr'><strong>missum.</strong></span> 
     </span>
    </p>

    <p class='ocr_par' dir='ltr' id='par_1_6' title="bbox 104 1627 1671 1827">
     <span class='ocr_line' id='line_1_20' title="bbox 162 1627 1668 1686; baseline -0.002 -14"><span class='ocrx_word' id='word_1_135' title='bbox 162 1630 247 1672; x_wconf 89' lang='lat' dir='ltr'><strong>Pro</strong></span> <span class='ocrx_word' id='word_1_136' title='bbox 268 1629 433 1686; x_wconf 87' lang='lat' dir='ltr'><strong>quibus</strong></span> <span class='ocrx_word' id='word_1_137' title='bbox 460 1628 842 1685; x_wconf 81' lang='lat' dir='ltr'><strong>recognitionibus</strong></span> <span class='ocrx_word' id='word_1_138' title='bbox 864 1628 1096 1677; x_wconf 82' lang='lat' dir='ltr'><strong>faciendis,</strong></span> <span class='ocrx_word' id='word_1_139' title='bbox 1122 1629 1406 1671; x_wconf 85' lang='lat' dir='ltr'><strong>mutantibus</strong></span> <span class='ocrx_word' id='word_1_140' title='bbox 1434 1628 1538 1670; x_wconf 89' lang='lat' dir='ltr'><strong>hinc</strong></span> <span class='ocrx_word' id='word_1_141' title='bbox 1559 1627 1668 1670; x_wconf 88' lang='lat' dir='ltr'><strong>inde</strong></span> 
     </span>
     <span class='ocr_line' id='line_1_21' title="bbox 110 1698 1671 1749; baseline -0.003 -6"><span class='ocrx_word' id='word_1_142' title='bbox 110 1700 325 1749; x_wconf 88' lang='lat' dir='ltr'><strong>dominis,</strong></span> <span class='ocrx_word' id='word_1_143' title='bbox 376 1714 460 1743; x_wconf 71' lang='lat' dir='ltr'><strong>vos</strong></span> <span class='ocrx_word' id='word_1_144' title='bbox 487 1703 532 1743; x_wconf 85' lang='lat' dir='ltr'><strong>et</strong></span> <span class='ocrx_word' id='word_1_145' title='bbox 582 1713 862 1742; x_wconf 84' lang='lat' dir='ltr'><strong>successores</strong></span> <span class='ocrx_word' id='word_1_146' title='bbox 888 1700 1027 1742; x_wconf 75' lang='lat' dir='ltr'><strong>vestri</strong></span> <span class='ocrx_word' id='word_1_147' title='bbox 1080 1700 1215 1742; x_wconf 91' lang='lat' dir='ltr'><strong>michi</strong></span> <span class='ocrx_word' id='word_1_148' title='bbox 1243 1702 1286 1741; x_wconf 89' lang='lat' dir='ltr'><strong>et</strong></span> <span class='ocrx_word' id='word_1_149' title='bbox 1337 1698 1671 1741; x_wconf 86' lang='lat' dir='ltr'><strong>successoribus</strong></span> 
     </span>
     <span class='ocr_line' id='line_1_22' title="bbox 104 1762 1095 1827; baseline -0.002 -14"><span class='ocrx_word' id='word_1_150' title='bbox 104 1771 218 1814; x_wconf 88' lang='lat' dir='ltr'><strong>meis</strong></span> <span class='ocrx_word' id='word_1_151' title='bbox 246 1762 532 1827; x_wconf 75' lang='lat' dir='ltr'><strong>palafredum</strong></span> <span class='ocrx_word' id='word_1_152' title='bbox 561 1784 702 1812; x_wconf 90' lang='lat' dir='ltr'><strong>unum</strong></span> <span class='ocrx_word' id='word_1_153' title='bbox 730 1771 835 1813; x_wconf 87' lang='lat' dir='ltr'><strong>darc</strong></span> <span class='ocrx_word' id='word_1_154' title='bbox 863 1770 1095 1813; x_wconf 82' lang='lat' dir='ltr'><strong>tenemini.</strong></span> 
     </span>
    </p>

    <p class='ocr_par' dir='ltr' id='par_1_7' title="bbox 97 1839 1672 2464">
     <span class='ocr_line' id='line_1_23' title="bbox 164 1839 1662 1898; baseline -0.002 -14"><span class='ocrx_word' id='word_1_155' title='bbox 164 1843 279 1885; x_wconf 90' lang='lat' dir='ltr'><strong>Item</strong></span> <span class='ocrx_word' id='word_1_156' title='bbox 306 1842 432 1898; x_wconf 91' lang='lat' dir='ltr'><strong>quod</strong></span> <span class='ocrx_word' id='word_1_157' title='bbox 454 1855 536 1896; x_wconf 78' lang='lat' dir='ltr'><strong>ego</strong></span> <span class='ocrx_word' id='word_1_158' title='bbox 570 1845 614 1884; x_wconf 84' lang='lat' dir='ltr'><strong>et</strong></span> <span class='ocrx_word' id='word_1_159' title='bbox 641 1854 922 1883; x_wconf 84' lang='lat' dir='ltr'><strong>successores</strong></span> <span class='ocrx_word' id='word_1_160' title='bbox 949 1841 1039 1883; x_wconf 89' lang='lat' dir='ltr'><strong>moi</strong></span> <span class='ocrx_word' id='word_1_161' title='bbox 1065 1841 1221 1883; x_wconf 84' lang='lat' dir='ltr'><strong>onmia</strong></span> <span class='ocrx_word' id='word_1_162' title='bbox 1260 1839 1566 1896; x_wconf 74' lang='lat' dir='ltr'><strong>dependentia</strong></span> <span class='ocrx_word' id='word_1_163' title='bbox 1604 1840 1662 1882; x_wconf 87' lang='lat' dir='ltr'><strong>ab</strong></span> 
     </span>
     <span class='ocr_line' id='line_1_24' title="bbox 104 1912 1656 1970; baseline -0.003 -14"><span class='ocrx_word' id='word_1_164' title='bbox 104 1914 204 1970; x_wconf 91' lang='lat' dir='ltr'><strong>ipso</strong></span> <span class='ocrx_word' id='word_1_165' title='bbox 230 1913 367 1955; x_wconf 74' lang='lat' dir='ltr'><strong>feudo</strong></span> <span class='ocrx_word' id='word_1_166' title='bbox 399 1926 480 1955; x_wconf 91' lang='grc'>5011</span> <span class='ocrx_word' id='word_1_167' title='bbox 502 1912 649 1954; x_wconf 73' lang='lat' dir='ltr'><strong>feudis</strong></span> <span class='ocrx_word' id='word_1_168' title='bbox 677 1912 905 1967; x_wconf 70' lang='lat' dir='ltr'><strong>predictis,</strong></span> <span class='ocrx_word' id='word_1_169' title='bbox 938 1912 1164 1967; x_wconf 84' lang='lat' dir='ltr'><strong>possimus</strong></span> <span class='ocrx_word' id='word_1_170' title='bbox 1192 1924 1274 1966; x_wconf 81' lang='lat' dir='ltr'><strong>ego</strong></span> <span class='ocrx_word' id='word_1_171' title='bbox 1302 1913 1346 1952; x_wconf 84' lang='lat' dir='ltr'><strong>et</strong></span> <span class='ocrx_word' id='word_1_172' title='bbox 1373 1923 1656 1952; x_wconf 87' lang='lat' dir='ltr'><strong>successores</strong></span> 
     </span>
     <span class='ocr_line' id='line_1_25' title="bbox 106 1980 1668 2038; baseline -0.003 -11"><span class='ocrx_word' id='word_1_173' title='bbox 106 1984 196 2027; x_wconf 90' lang='lat' dir='ltr'><strong>mei</strong></span> <span class='ocrx_word' id='word_1_174' title='bbox 222 1984 436 2032; x_wconf 88' lang='lat' dir='ltr'><strong>vendere,</strong></span> <span class='ocrx_word' id='word_1_175' title='bbox 492 1986 766 2038; x_wconf 81' lang='lat' dir='ltr'><strong>permutare,</strong></span> <span class='ocrx_word' id='word_1_176' title='bbox 797 1983 855 2025; x_wconf 89' lang='lat' dir='ltr'><strong>ad</strong></span> <span class='ocrx_word' id='word_1_177' title='bbox 881 1983 1110 2038; x_wconf 84' lang='lat' dir='ltr'><strong>acapitum</strong></span> <span class='ocrx_word' id='word_1_178' title='bbox 1149 1982 1222 2023; x_wconf 78' lang='lat' dir='ltr'><strong>vel</strong></span> <span class='ocrx_word' id='word_1_179' title='bbox 1248 1982 1296 2023; x_wconf 91' lang='grc'><strong>111</strong></span> <span class='ocrx_word' id='word_1_180' title='bbox 1345 1980 1668 2036; x_wconf 89' lang='lat' dir='ltr'><strong>emphiteosim</strong></span> 
     </span>
     <span class='ocr_line' id='line_1_26' title="bbox 100 2051 1658 2109; baseline -0.003 -12"><span class='ocrx_word' id='word_1_181' title='bbox 100 2056 224 2103; x_wconf 90' lang='lat' dir='ltr'><strong>dare,</strong></span> <span class='ocrx_word' id='word_1_182' title='bbox 272 2055 345 2097; x_wconf 76' lang='lat' dir='ltr'><strong>vel</strong></span> <span class='ocrx_word' id='word_1_183' title='bbox 371 2055 459 2097; x_wconf 89' lang='lat' dir='ltr'><strong>alio</strong></span> <span class='ocrx_word' id='word_1_184' title='bbox 487 2055 620 2096; x_wconf 87' lang='lat' dir='ltr'><strong>modo</strong></span> <span class='ocrx_word' id='word_1_185' title='bbox 665 2067 754 2109; x_wconf 87' lang='lat' dir='ltr'><strong>quo</strong></span> <span class='ocrx_word' id='word_1_186' title='bbox 781 2054 981 2101; x_wconf 79' lang='lat' dir='ltr'><strong>voluero,</strong></span> <span class='ocrx_word' id='word_1_187' title='bbox 1030 2053 1125 2095; x_wconf 90' lang='grc'>51110</span> <span class='ocrx_word' id='word_1_188' title='bbox 1154 2052 1374 2094; x_wconf 85' lang='lat' dir='ltr'><strong>laudimio</strong></span> <span class='ocrx_word' id='word_1_189' title='bbox 1401 2054 1445 2094; x_wconf 93' lang='lat' dir='ltr'><strong>et</strong></span> <span class='ocrx_word' id='word_1_190' title='bbox 1471 2051 1658 2093; x_wconf 90' lang='lat' dir='ltr'><strong>consilio</strong></span> 
     </span>
     <span class='ocr_line' id='line_1_27' title="bbox 97 2112 1672 2178; baseline -0.004 -10"><span class='ocrx_word' id='word_1_191' title='bbox 97 2128 250 2168; x_wconf 85' lang='lat' dir='ltr'><strong>vestro</strong></span> <span class='ocrx_word' id='word_1_192' title='bbox 268 2128 322 2168; x_wconf 67' lang='grc'><strong>’01</strong></span> <span class='ocrx_word' id='word_1_193' title='bbox 347 2138 660 2168; x_wconf 87' lang='lat' dir='ltr'><strong>successorum</strong></span> <span class='ocrx_word' id='word_1_194' title='bbox 713 2127 985 2172; x_wconf 71' lang='lat' dir='ltr'><strong>vestrorum;</strong></span> <span class='ocrx_word' id='word_1_195' title='bbox 1027 2112 1189 2166; x_wconf 72' lang='lat' dir='ltr'><strong>verum</strong></span> <span class='ocrx_word' id='word_1_196' title='bbox 1215 2122 1576 2178; x_wconf 79' lang='lat' dir='ltr'><strong>jurisdictionem</strong></span> <span class='ocrx_word' id='word_1_197' title='bbox 1627 2123 1672 2163; x_wconf 87' lang='lat' dir='ltr'><strong>et</strong></span> 
     </span>
     <span class='ocr_line' id='line_1_28' title="bbox 105 2192 1665 2251; baseline -0.004 -12"><span class='ocrx_word' id='word_1_198' title='bbox 105 2196 358 2239; x_wconf 87' lang='lat' dir='ltr'><strong>dominium</strong></span> <span class='ocrx_word' id='word_1_199' title='bbox 385 2196 532 2251; x_wconf 86' lang='lat' dir='ltr'><strong>majus</strong></span> <span class='ocrx_word' id='word_1_200' title='bbox 560 2196 867 2251; x_wconf 86' lang='lat' dir='ltr'><strong>predictorum</strong></span> <span class='ocrx_word' id='word_1_201' title='bbox 900 2195 1158 2241; x_wconf 77' lang='lat' dir='ltr'><strong>feudorum,</strong></span> <span class='ocrx_word' id='word_1_202' title='bbox 1190 2196 1233 2235; x_wconf 90' lang='lat' dir='ltr'><strong>et</strong></span> <span class='ocrx_word' id='word_1_203' title='bbox 1260 2193 1466 2235; x_wconf 89' lang='lat' dir='ltr'><strong>omnium</strong></span> <span class='ocrx_word' id='word_1_204' title='bbox 1492 2192 1665 2247; x_wconf 83' lang='lat' dir='ltr'><strong>jurium</strong></span> 
     </span>
     <span class='ocr_line' id='line_1_29' title="bbox 101 2263 1664 2324; baseline -0.003 -16"><span class='ocrx_word' id='word_1_205' title='bbox 101 2280 190 2324; x_wconf 89' lang='lat' dir='ltr'><strong>que</strong></span> <span class='ocrx_word' id='word_1_206' title='bbox 216 2267 361 2310; x_wconf 87' lang='lat' dir='ltr'><strong>habeo</strong></span> <span class='ocrx_word' id='word_1_207' title='bbox 412 2269 456 2308; x_wconf 83' lang='lat' dir='ltr'><strong>et-</strong></span> <span class='ocrx_word' id='word_1_208' title='bbox 481 2267 693 2322; x_wconf 87' lang='lat' dir='ltr'><strong>possideo</strong></span> <span class='ocrx_word' id='word_1_209' title='bbox 720 2266 766 2307; x_wconf 87' lang='lat' dir='ltr'><strong>in</strong></span> <span class='ocrx_word' id='word_1_210' title='bbox 818 2268 909 2308; x_wconf 86' lang='lat' dir='ltr'><strong>toto</strong></span> <span class='ocrx_word' id='word_1_211' title='bbox 937 2265 1199 2320; x_wconf 86' lang='lat' dir='ltr'><strong>episcopatu</strong></span> <span class='ocrx_word' id='word_1_212' title='bbox 1227 2267 1270 2306; x_wconf 81' lang='lat' dir='ltr'><strong>et</strong></span> <span class='ocrx_word' id='word_1_213' title='bbox 1321 2263 1538 2305; x_wconf 86' lang='lat' dir='ltr'><strong>comitatu</strong></span> <span class='ocrx_word' id='word_1_214' title='bbox 1564 2275 1664 2317; x_wconf 90' lang='lat' dir='ltr'><strong>pre-</strong></span> 
     </span>
     <span class='ocr_line' id='line_1_30' title="bbox 98 2329 1659 2394; baseline -0.003 -15"><span class='ocrx_word' id='word_1_215' title='bbox 98 2329 245 2387; x_wconf 84' lang='lat' dir='ltr'><strong>dictis,</strong></span> <span class='ocrx_word' id='word_1_216' title='bbox 276 2351 359 2394; x_wconf 84' lang='lat' dir='ltr'><strong>ego</strong></span> <span class='ocrx_word' id='word_1_217' title='bbox 385 2340 429 2380; x_wconf 89' lang='lat' dir='ltr'><strong>et</strong></span> <span class='ocrx_word' id='word_1_218' title='bbox 461 2350 742 2380; x_wconf 82' lang='lat' dir='ltr'><strong>successores</strong></span> <span class='ocrx_word' id='word_1_219' title='bbox 764 2337 870 2384; x_wconf 83' lang='lat' dir='ltr'><strong>mei,</strong></span> <span class='ocrx_word' id='word_1_220' title='bbox 900 2336 947 2377; x_wconf 90' lang='grc'><strong>111</strong></span> <span class='ocrx_word' id='word_1_221' title='bbox 969 2335 1273 2391; x_wconf 86' lang='lat' dir='ltr'><strong>potentiorem</strong></span> <span class='ocrx_word' id='word_1_222' title='bbox 1301 2334 1448 2381; x_wconf 71' lang='lat' dir='ltr'><strong>vobis,</strong></span> <span class='ocrx_word' id='word_1_223' title='bbox 1475 2334 1659 2379; x_wconf 86' lang='lat' dir='ltr'><strong>donare,</strong></span> 
     </span>
     <span class='ocr_line' id='line_1_31' title="bbox 97 2404 1592 2464; baseline -0.004 -13"><span class='ocrx_word' id='word_1_224' title='bbox 97 2409 310 2457; x_wconf 81' lang='lat' dir='ltr'><strong>vendere,</strong></span> <span class='ocrx_word' id='word_1_225' title='bbox 342 2411 599 2464; x_wconf 89' lang='lat' dir='ltr'><strong>permutare</strong></span> <span class='ocrx_word' id='word_1_226' title='bbox 621 2422 699 2450; x_wconf 89' lang='lat' dir='ltr'><strong>seu</strong></span> <span class='ocrx_word' id='word_1_227' title='bbox 726 2408 813 2450; x_wconf 92' lang='lat' dir='ltr'><strong>alio</strong></span> <span class='ocrx_word' id='word_1_228' title='bbox 840 2406 974 2449; x_wconf 88' lang='lat' dir='ltr'><strong>modo</strong></span> <span class='ocrx_word' id='word_1_229' title='bbox 1001 2406 1197 2448; x_wconf 86' lang='lat' dir='ltr'><strong>alienare</strong></span> <span class='ocrx_word' id='word_1_230' title='bbox 1225 2417 1316 2447; x_wconf 92' lang='grc'>11011</span> <span class='ocrx_word' id='word_1_231' title='bbox 1343 2404 1592 2459; x_wconf 88' lang='lat' dir='ltr'><strong>possimus.</strong></span> 
     </span>
    </p>

    <p class='ocr_par' dir='ltr' id='par_1_8' title="bbox 95 2474 1664 2818">
     <span class='ocr_line' id='line_1_32' title="bbox 156 2474 1664 2535; baseline -0.005 -13"><span class='ocrx_word' id='word_1_232' title='bbox 156 2480 268 2522; x_wconf 84' lang='lat' dir='ltr'><strong>Item</strong></span> <span class='ocrx_word' id='word_1_233' title='bbox 295 2479 386 2522; x_wconf 89' lang='lat' dir='ltr'><strong>scio</strong></span> <span class='ocrx_word' id='word_1_234' title='bbox 436 2479 573 2535; x_wconf 89' lang='lat' dir='ltr'><strong>quod,</strong></span> <span class='ocrx_word' id='word_1_235' title='bbox 606 2478 887 2520; x_wconf 84' lang='lat' dir='ltr'><strong>mutantibus</strong></span> <span class='ocrx_word' id='word_1_236' title='bbox 914 2477 1017 2518; x_wconf 83' lang='lat' dir='ltr'><strong>hinc</strong></span> <span class='ocrx_word' id='word_1_237' title='bbox 1044 2476 1149 2517; x_wconf 87' lang='lat' dir='ltr'><strong>inde</strong></span> <span class='ocrx_word' id='word_1_238' title='bbox 1177 2475 1390 2522; x_wconf 85' lang='lat' dir='ltr'><strong>dominis,</strong></span> <span class='ocrx_word' id='word_1_239' title='bbox 1421 2474 1543 2529; x_wconf 89' lang='lat' dir='ltr'><strong>quod</strong></span> <span class='ocrx_word' id='word_1_240' title='bbox 1580 2487 1664 2515; x_wconf 78' lang='lat' dir='ltr'><strong>vos</strong></span> 
     </span>
     <span class='ocr_line' id='line_1_33' title="bbox 95 2544 1660 2600; baseline -0.004 -8"><span class='ocrx_word' id='word_1_241' title='bbox 95 2550 170 2592; x_wconf 87' lang='lat' dir='ltr'><strong>vel</strong></span> <span class='ocrx_word' id='word_1_242' title='bbox 185 2550 327 2598; x_wconf 64' lang='lat' dir='ltr'><strong>salius,</strong></span> <span class='ocrx_word' id='word_1_243' title='bbox 359 2550 541 2592; x_wconf 89' lang='lat' dir='ltr'><strong>nomine</strong></span> <span class='ocrx_word' id='word_1_244' title='bbox 593 2552 758 2595; x_wconf 76' lang='lat' dir='ltr'><strong>vestro,</strong></span> <span class='ocrx_word' id='word_1_245' title='bbox 802 2548 999 2589; x_wconf 70' lang='lat' dir='ltr'><strong>seudum</strong></span> <span class='ocrx_word' id='word_1_246' title='bbox 1053 2560 1133 2589; x_wconf 89' lang='lat' dir='ltr'><strong>seu</strong></span> <span class='ocrx_word' id='word_1_247' title='bbox 1158 2546 1296 2587; x_wconf 75' lang='lat' dir='ltr'><strong>feuda</strong></span> <span class='ocrx_word' id='word_1_248' title='bbox 1321 2545 1509 2600; x_wconf 79' lang='lat' dir='ltr'><strong>potestis</strong></span> <span class='ocrx_word' id='word_1_249' title='bbox 1559 2544 1660 2599; x_wconf 83' lang='lat' dir='ltr'><strong>ipsa</strong></span> 
     </span>
     <span class='ocr_line' id='line_1_34' title="bbox 98 2601 1657 2680; baseline -0.005 -17"><span class='ocrx_word' id='word_1_250' title='bbox 98 2620 328 2676; x_wconf 87' lang='lat' dir='ltr'><strong>requirere</strong></span> <span class='ocrx_word' id='word_1_251' title='bbox 355 2633 383 2662; x_wconf 88' lang='lat' dir='ltr'><strong>a</strong></span> <span class='ocrx_word' id='word_1_252' title='bbox 409 2633 482 2662; x_wconf 90' lang='lat' dir='ltr'><strong>me</strong></span> <span class='ocrx_word' id='word_1_253' title='bbox 509 2623 554 2680; x_wconf 51' lang='lat' dir='ltr'>Q</span> <span class='ocrx_word' id='word_1_254' title='bbox 579 2619 915 2662; x_wconf 87' lang='lat' dir='ltr'><strong>successoribus</strong></span> <span class='ocrx_word' id='word_1_255' title='bbox 960 2617 1092 2665; x_wconf 88' lang='lat' dir='ltr'><strong>meis,</strong></span> <span class='ocrx_word' id='word_1_256' title='bbox 1124 2601 1657 2671; x_wconf 59' lang='lat' dir='ltr'><strong>reciperet(z‘recipere)</strong></span> 
     </span>
     <span class='ocr_line' id='line_1_35' title="bbox 100 2684 1654 2748; baseline -0.005 -15"><span class='ocrx_word' id='word_1_257' title='bbox 100 2694 166 2748; x_wconf 64' lang='lat' dir='ltr'><strong>et⁸</strong></span> <span class='ocrx_word' id='word_1_258' title='bbox 194 2694 346 2733; x_wconf 88' lang='lat' dir='ltr'><strong>tenere</strong></span> <span class='ocrx_word' id='word_1_259' title='bbox 374 2704 454 2746; x_wconf 90' lang='lat' dir='ltr'><strong>per</strong></span> <span class='ocrx_word' id='word_1_260' title='bbox 502 2703 640 2744; x_wconf 62' lang='lat' dir='ltr'><strong>unam</strong></span> <span class='ocrx_word' id='word_1_261' title='bbox 672 2690 794 2731; x_wconf 82' lang='lat' dir='ltr'><strong>diem</strong></span> <span class='ocrx_word' id='word_1_262' title='bbox 824 2691 1014 2735; x_wconf 79' lang='lat' dir='ltr'><strong>lanium,</strong></span> <span class='ocrx_word' id='word_1_263' title='bbox 1047 2690 1089 2729; x_wconf 89' lang='lat' dir='ltr'><strong>ct</strong></span> <span class='ocrx_word' id='word_1_264' title='bbox 1141 2687 1185 2728; x_wconf 88' lang='grc'><strong>111</strong></span> <span class='ocrx_word' id='word_1_265' title='bbox 1213 2686 1428 2741; x_wconf 84' lang='lat' dir='ltr'><strong>expensis</strong></span> <span class='ocrx_word' id='word_1_266' title='bbox 1473 2684 1654 2732; x_wconf 73' lang='lat' dir='ltr'><strong>vestris;</strong></span> 
     </span>
     <span class='ocr_line' id='line_1_36' title="bbox 96 2755 1655 2818; baseline -0.005 -14"><span class='ocrx_word' id='word_1_267' title='bbox 96 2762 219 2818; x_wconf 90' lang='lat' dir='ltr'><strong>quod</strong></span> <span class='ocrx_word' id='word_1_268' title='bbox 239 2761 427 2804; x_wconf 79' lang='lat' dir='ltr'><strong>feudum</strong></span> <span class='ocrx_word' id='word_1_269' title='bbox 473 2774 553 2803; x_wconf 90' lang='lat' dir='ltr'><strong>seu</strong></span> <span class='ocrx_word' id='word_1_270' title='bbox 580 2760 730 2808; x_wconf 79' lang='lat' dir='ltr'><strong>feuda,</strong></span> <span class='ocrx_word' id='word_1_271' title='bbox 756 2760 853 2802; x_wconf 86' lang='lat' dir='ltr'><strong>sine</strong></span> <span class='ocrx_word' id='word_1_272' title='bbox 881 2758 1006 2800; x_wconf 89' lang='lat' dir='ltr'><strong>omni</strong></span> <span class='ocrx_word' id='word_1_273' title='bbox 1033 2757 1290 2799; x_wconf 73' lang='lat' dir='ltr'><strong>extorsione</strong></span> <span class='ocrx_word' id='word_1_274' title='bbox 1319 2759 1363 2797; x_wconf 87' lang='lat' dir='ltr'><strong>et</strong></span> <span class='ocrx_word' id='word_1_275' title='bbox 1402 2755 1655 2802; x_wconf 79' lang='lat' dir='ltr'><strong>exactione,</strong></span> 
     </span>
    </p>
   </div>
   <div class='ocr_carea' id='block_1_4' title="bbox 7 2819 1654 2888">
    <p class='ocr_par' dir='ltr' id='par_1_9' title="bbox 7 2819 1654 2888">
     <span class='ocr_line' id='line_1_37' title="bbox 7 2819 1654 2888; baseline -0.005 -13"><span class='ocrx_word' id='word_1_276' title='bbox 7 2819 10 2822; x_wconf 67' lang='lat'>‚</span> <span class='ocrx_word' id='word_1_277' title='bbox 52 2846 62 2850; x_wconf 80' lang='grc'><em>·</em></span> <span class='ocrx_word' id='word_1_278' title='bbox 96 2832 198 2888; x_wconf 84' lang='lat' dir='ltr'><strong>ipsa</strong></span> <span class='ocrx_word' id='word_1_279' title='bbox 222 2832 295 2875; x_wconf 86' lang='lat' dir='ltr'><strong>die</strong></span> <span class='ocrx_word' id='word_1_280' title='bbox 316 2832 486 2888; x_wconf 84' lang='lat' dir='ltr'><strong>elapsa,</strong></span> <span class='ocrx_word' id='word_1_281' title='bbox 512 2831 648 2873; x_wconf 91' lang='lat' dir='ltr'><strong>michi</strong></span> <span class='ocrx_word' id='word_1_282' title='bbox 671 2834 716 2873; x_wconf 85' lang='lat' dir='ltr'><strong>et</strong></span> <span class='ocrx_word' id='word_1_283' title='bbox 735 2830 850 2873; x_wconf 87' lang='lat' dir='ltr'><strong>meis</strong></span> <span class='ocrx_word' id='word_1_284' title='bbox 871 2830 1059 2871; x_wconf 84' lang='lat' dir='ltr'><strong>reddere</strong></span> <span class='ocrx_word' id='word_1_285' title='bbox 1083 2831 1127 2870; x_wconf 89' lang='lat' dir='ltr'><strong>et</strong></span> <span class='ocrx_word' id='word_1_286' title='bbox 1152 2828 1390 2870; x_wconf 80' lang='lat' dir='ltr'><strong>restituere</strong></span> <span class='ocrx_word' id='word_1_287' title='bbox 1421 2826 1654 2868; x_wconf 87' lang='lat' dir='ltr'><strong>tenemini.</strong></span> 
     </span>
    </p>
   </div>
   <div class='ocr_carea' id='block_1_5' title="bbox 96 2896 1661 3039">
    <p class='ocr_par' dir='ltr' id='par_1_10' title="bbox 96 2896 1661 3039">
     <span class='ocr_line' id='line_1_38' title="bbox 162 2896 1661 2957; baseline -0.006 -11"><span class='ocrx_word' id='word_1_288' title='bbox 162 2903 211 2946; x_wconf 82' lang='lat' dir='ltr'><strong>Si</strong></span> <span class='ocrx_word' id='word_1_289' title='bbox 236 2905 389 2946; x_wconf 81' lang='lat' dir='ltr'><strong>tamen</strong></span> <span class='ocrx_word' id='word_1_290' title='bbox 409 2902 688 2957; x_wconf 81' lang='lat' dir='ltr'><strong>contingeret</strong></span> <span class='ocrx_word' id='word_1_291' title='bbox 714 2901 836 2957; x_wconf 86' lang='lat' dir='ltr'><strong>quod</strong></span> <span class='ocrx_word' id='word_1_292' title='bbox 872 2913 953 2943; x_wconf 71' lang='lat' dir='ltr'><strong>vos</strong></span> <span class='ocrx_word' id='word_1_293' title='bbox 975 2902 1018 2942; x_wconf 86' lang='lat' dir='ltr'><strong>et</strong></span> <span class='ocrx_word' id='word_1_294' title='bbox 1045 2911 1327 2941; x_wconf 86' lang='lat' dir='ltr'><strong>successores</strong></span> <span class='ocrx_word' id='word_1_295' title='bbox 1355 2896 1494 2939; x_wconf 72' lang='lat' dir='ltr'><strong>vestri</strong></span> <span class='ocrx_word' id='word_1_296' title='bbox 1523 2896 1661 2937; x_wconf 88' lang='lat' dir='ltr'><strong>habe—</strong></span> 
     </span>
     <span class='ocr_line' id='line_1_39' title="bbox 96 2965 1658 3039; baseline -0.005 -23"><span class='ocrx_word' id='word_1_297' title='bbox 96 2973 206 3016; x_wconf 88' lang='lat' dir='ltr'><strong>retis</strong></span> <span class='ocrx_word' id='word_1_298' title='bbox 231 2973 468 3031; x_wconf 90' lang='lat' dir='ltr'><strong>querelam</strong></span> <span class='ocrx_word' id='word_1_299' title='bbox 493 2975 648 3016; x_wconf 88' lang='lat' dir='ltr'><strong>contra</strong></span> <span class='ocrx_word' id='word_1_300' title='bbox 675 2985 748 3033; x_wconf 73' lang='lat' dir='ltr'><strong>me</strong></span> <span class='ocrx_word' id='word_1_301' title='bbox 777 2974 820 3014; x_wconf 88' lang='lat' dir='ltr'><strong>et</strong></span> <span class='ocrx_word' id='word_1_302' title='bbox 857 2982 1139 3019; x_wconf 82' lang='lat' dir='ltr'><strong>successores</strong></span> <span class='ocrx_word' id='word_1_303' title='bbox 1169 2982 1308 3015; x_wconf 86' lang='lat' dir='ltr'><strong>meos,</strong></span> <span class='ocrx_word' id='word_1_304' title='bbox 1358 2980 1447 3008; x_wconf 88' lang='grc'>11011</span> <span class='ocrx_word' id='word_1_305' title='bbox 1475 2965 1658 3039; x_wconf 77' lang='lat' dir='ltr'><strong>possitis</strong></span> 
     </span>
    </p>
   </div>
   <div class='ocr_carea' id='block_1_6' title="bbox 346 3057 1405 3104">
    <p class='ocr_par' dir='ltr' id='par_1_11' title="bbox 346 3057 1405 3104">
     <span class='ocr_line' id='line_1_40' title="bbox 346 3057 1405 3104; baseline -0.006 -7"><span class='ocrx_word' id='word_1_306' title='bbox 346 3066 438 3098; x_wconf 80' lang='lat' dir='ltr'><strong>Cart.</strong></span> <span class='ocrx_word' id='word_1_307' title='bbox 461 3067 503 3097; x_wconf 87' lang='lat' dir='ltr'><strong>de</strong></span> <span class='ocrx_word' id='word_1_308' title='bbox 524 3066 612 3104; x_wconf 79' lang='lat' dir='ltr'><strong>Mag.</strong></span> <span class='ocrx_word' id='word_1_309' title='bbox 635 3066 672 3096; x_wconf 89' lang='lat' dir='ltr'><strong>T.</strong></span> <span class='ocrx_word' id='word_1_310' title='bbox 695 3065 742 3096; x_wconf 89' lang='lat'><strong>111</strong></span> <span class='ocrx_word' id='word_1_311' title='bbox 802 3057 814 3069; x_wconf 70' lang='lat'><strong>‘⁷</strong></span> <span class='ocrx_word' id='word_1_312' title='bbox 1366 3059 1405 3091; x_wconf 83' lang='lat'><strong>10</strong></span> 
     </span>
    </p>
   </div>
  </div>
 </body>
</html>
