1991 3279
886 239 937 244 —
968 212 1087 267 1096
1111 238 1165 244 -

305 327 507 365 l'reterea
529 325 597 363 est
626 321 862 363 sciendum
891 321 1011 374 quod
1040 333 1119 374 pro
1146 320 1263 362 dicta
1292 323 1453 375 quarta
1480 324 1606 376 parte
1636 335 1738 374 mea
1752 325 1798 364 et

248 409 322 449 pro
353 393 559 439 indiviso,
594 404 774 447 possum
819 392 861 431 in
911 391 1083 432 eisdem
1136 391 1259 438 locis,
1291 391 1459 434 scilieet
1499 392 1543 433 in
1588 395 1800 447 castagno

245 469 500 517 (zstagno)
529 466 569 504 et
600 464 712 505 silva
742 461 1028 516 supradictis.
1073 464 1116 503 et
1143 462 1198 503 de
1226 463 1399 504 eisdem
1446 463 1554 505 locis
1601 464 1708 505 dare
1755 463 1806 513 in*

244 536 493 590 aecapitum
524 548 600 575 seu
632 534 672 574 in
723 532 1060 587 emphilfflsinn
1092 535 1137 574 et
1164 533 1206 573 in
1237 533 1447 588 predictis
1475 534 1802 576 donationibus

243 606 558 660 fflfcapilol‘tllil,
615 604 820 645 rameriis
856 603 973 655 (sie),
1028 617 1206 651 census,
1262 604 1450 647 usatica.
1499 608 1543 646 et
1564 605 1796 659 laudimia,

242 682 277 718 ι·Ι
311 677 582 717 senluffrium.
616 679 658 716 et
686 674 967 715 venditiones
1015 677 1057 716 et
1096 674 1409 722 alienationes,
1443 690 1529 731 que
1576 676 1621 717 in
1669 676 1801 718 dictis

246 748 350 789 loris
379 748 473 789 sive
502 747 555 787 de
585 746 715 787 dictis
744 745 851 787 loris
891 745 1043 799 aliquo
1073 746 1207 788 modo
1242 746 1367 788 fient.
1415 746 1586 789 seilicet
1611 747 1658 788 in
1685 747 1804 789 dicta

244 820 370 867 silva,
405 822 448 859 et.
475 817 629 859 salinis
658 820 693 857 el
728 819 886 871 stagno
915 815 1348 875 snpi²aterininlat]o,
1382 818 1581 866 laudare‚
1625 817 1804 866 consili-

242 905 332 932 are.
365 893 407 931 el
434 888 704 931 laudiininm
734 901 812 929 seu
843 888 1104 930 laudaturos
1145 889 1249 929 inde
1278 889 1494 944 accipere,
1527 893 1571 931 et
1614 889 1799 932 firman-

243 962 332 1002 ‹zins
362 961 554 1015 recipere
584 962 627 1001 et
648 959 861 1013 exhigere
889 959 946 1000 ab
975 959 1062 1001 illis
1090 959 1179 1014 qui,
1214 960 1447 1003 occasione
1474 961 1697 1003 honorum
1726 960 1804 1017 qui

246 1036 349 1074 ¹<unt
372 1032 415 1072 in
443 1031 572 1072 dietis
602 1030 724 1072 loeis.
758 1030 1012 1084 litigabunt.
1045 1033 1084 1071 el
1114 1044 1274 1072 causas
1304 1034 1347 1072 et
1393 1032 1724 1075 controversias
1761 1035 1806 1074 et

245 1103 502 1159 questiones
545 1102 845 1156 predictorum
875 1101 1148 1155 litigantium
1177 1102 1333 1143 audire
1373 1105 1410 1144 el
1459 1104 1713 1151 terminare,
1763 1106 1806 1145 et

243 1174 456 1229 justicias.
489 1176 528 1213 el
558 1173 815 1214 exactiones
855 1176 899 1214 et·
927 1168 1119 1227 pignora
1159 1173 1371 1229 exhigere
1417 1177 1461 1216 et
1504 1175 1706 1230 accipere
1747 1175 1805 1217 ab

246 1246 455 1287 ‹nnnibus
483 1248 521 1286 el
553 1244 741 1298 singulis
772 1244 991 1299 personis
1023 1258 1109 1299 que
1140 1246 1468 1299 managnerias,
1498 1248 1539 1288 et
1568 1246 1802 1293 ramerias,

251 1321 288 1358 el
321 1317 487 1359 salinas
511 1320 553 1357 et
586 1316 697 1357 alios
726 1315 917 1357 honores
946 1316 1116 1358 hahent.
1166 1316 1212 1357 in
1240 1316 1358 1359 dicto
1386 1320 1545 1372 stagno
1578 1320 1621 1360 et
1671 1317 1802 1372 silva,

245 1392 284 1431 et
315 1401 473 1429 eorum
504 1386 788 1441 pertinentiis
818 1386 1031 1441 prodicta
1057 1391 1217 1442 quarta
1240 1392 1365 1443 parte
1394 1401 1495 1430 mea
1521 1391 1565 1430 et
1592 1403 1671 1444 pro
1692 1388 1807 1431 indi-

247 1460 358 1507 viso;
391 1461 434 1500 et
460 1459 514 1500 de
547 1458 759 1499 omnibus
785 1457 989 1513 justiciis,
1023 1461 1064 1500 et
1093 1458 1405 1501 exactionibus
1433 1462 1477 1502 et
1502 1460 1807 1516 condempna-

248 1531 442 1573 tionibus
471 1532 514 1570 et
540 1528 832 1571 escarethiuis
878 1530 933 1571 de
961 1529 1090 1571 dictis
1132 1530 1239 1572 locis
1291 1530 1386 1573 sive
1415 1531 1649 1574 occasione
1688 1531 1808 1588 ipso-

250 1616 347 1643 rum
377 1602 574 1643 locorum
603 1600 890 1642 exeuntibus.
917 1604 1125 1656 quartam
1157 1605 1332 1656 partem
1361 1602 1541 1645 habere.

308 1674 354 1714 El
384 1673 519 1714 etiam
538 1672 579 1713 in
607 1672 737 1713 dietis
764 1672 886 1721 locis,
915 1676 1088 1726 stagno,
1127 1676 1170 1714 et
1197 1672 1312 1715 silva
1335 1676 1377 1715 et
1404 1674 1560 1716 salinis
1581 1677 1627 1717 et
1652 1688 1808 1716 eorum

248 1743 528 1799 pertinsmtiis
560 1743 806 1798 plenariam
835 1743 1171 1797 juridictionem
1212 1747 1255 1785 et
1281 1744 1596 1787 cohercionem
1646 1745 1808 1788 habere

249 1830 324 1870 pro
346 1815 463 1857 dicta
489 1818 649 1869 (marta
679 1818 801 1869 parte
832 1828 932 1857 mea
953 1818 995 1856 et
1020 1829 1102 1869 pro
1130 1815 1338 1864 indiviso,
1367 1817 1568 1872 exceptis
1590 1816 1637 1858 in
1659 1817 1810 1859 crimi—

251 1886 427 1927 nalibus
442 1886 606 1932 causis,
628 1885 833 1927 videlicet
854 1885 896 1927 in
916 1885 1002 1928 illis
1017 1886 1238 1940 personis,
1258 1900 1346 1942 que
1368 1888 1537 1929 crimen
1552 1888 1813 1930 comiserint

248 1957 293 1998 in
309 1957 573 1999 dietislocis.
593 1957 825 1999 occasione
842 1957 968 2012 cujus
985 1957 1085 1999 fieri
1112 1948 1338 2012 oportebit
1365 1959 1646 2002 detruncatio
1669 1973 1811 2001 mem—

249 2028 313 2069 bri
345 2028 414 2069 vel
441 2041 605 2082 penam
635 2028 790 2070 mortis
819 2028 1053 2083 imponere
1082 2042 1161 2070 scu
1207 2029 1426 2085 infligere;
1457 2030 1564 2086 quia
1590 2030 1811 2086 dampna-

249 2099 414 2141 tionem
444 2113 521 2141 seu
537 2099 994 2154 condempnationem
1017 2113 1174 2142 eorum
1197 2100 1287 2143 scio
1313 2102 1435 2157 quod
1451 2102 1681 2158 spertatin
1708 2101 1812 2145 soli-

249 2171 372 2216 ‹‚lu1n.,
405 2171 499 2211 sine
527 2173 652 2225 parte
683 2170 769 2212 mei
798 2173 839 2212 et
861 2171 1046 2213 alterius
1074 2171 1315 2226 cujuslibet.
1366 2186 1558 2227 persone
1584 2173 1643 2215 ad
1669 2173 1812 2216 domi—

251 2241 478 2282 nationem
508 2245 551 2283 et
576 2241 935 2296 jurisdictionem
965 2245 1162 2284 vest-ram
1191 2242 1297 2285 dicti
1324 2243 1457 2286 castri
1486 2243 1705 2300 Melgorii.

311 2312 355 2352 si
387 2326 488 2353 vero
514 2313 745 2355 occasione
784 2313 973 2368 alicujus
1000 2313 1201 2356 criminis
1255 2315 1325 2356 vel
1377 2315 1632 2364 criminum,
1662 2315 1814 2358 delicti

253 2383 321 2424 vel
373 2383 635 2425 delictorum
682 2384 728 2425 in
764 2385 976 2439 predictis
1027 2385 1135 2427 locis
1187 2385 1368 2428 comissi
1395 2387 1467 2429 vel
1496 2387 1810 2437 comissorum‚

251 2453 402 2509 aliqua
433 2468 545 2509 pena
579 2455 949 2511 delinquent-ibus
977 2455 1259 2510 infligeretur
1286 2458 1585 2512 peccuniaria„
1628 2458 1701 2501 vel
1727 2459 1813 2514 ipsi

253 2525 534 2579 deliquentes
566 2526 632 2567 vel
661 2527 776 2568 alius
830 2527 985 2569 nomin
1012 2527 1228 2583 ipsorum,
1287 2529 1656 2585 proredemption
1681 2530 1812 2585 ipe-ne

253 2596 510 2650 corporalis,
540 2597 740 2651 aliquam
768 2598 896 2640 daret
923 2599 1186 2653 peccuniam
1238 2599 1448 2642 velaliam
1475 2614 1587 2650 rem,
1616 2601 1689 2643 vel
1713 2615 1815 2657 pro-

256 2667 478 2713 miterenl,
510 2668 565 2708 ad
589 2681 660 2709 me
688 2668 807 2711 dicta
832 2670 1180 2725 condempnatio
1209 2684 1288 2713 seu
1331 2671 1541 2727 peccunie
1569 2671 1691 2714 datio
1742 2672 1815 2715 vel

250 2737 489 2791 cujuslibet
539 2738 721 2780 alterins
752 2739 815 2780 rei
857 2740 1078 2794 pertinere
1101 2741 1236 2783 debet
1257 2742 1460 2797 prodicta
1503 2745 1663 2798 quarta
1688 2746 1814 2798 parte

251 2812 294 2849 rt
322 2822 399 2862 pro
426 2808 632 2850 indiviso.
1527 2808 1529 2811 ⁴

311 2879 361 2920 Et
388 2879 476 2920 scio
505 2880 624 2934 quod
652 2881 687 2921 si
710 2881 879 2922 dictum
909 2882 1096 2925 feudum
1124 2884 1406 2926 vendebatur
1427 2885 1499 2927 vel
1533 2884 1817 2928 alienabatur
