2040 3404
810 382 1058 427 -849—

217 489 270 531 Et
294 501 377 530 nos
412 487 641 543 predictus
668 489 953 532 Gaucelmns.
985 489 1282 544 permissione
1335 490 1487 532 divina
1514 490 1710 545 Magalo-

159 558 313 602 ncnsis
340 558 593 614 episcopus,
625 572 776 601 comes
804 564 845 601 et
891 560 1103 601 dominns
1133 560 1333 613 Melgorii
1379 563 1422 602 et
1459 560 1712 603 Montister-

159 629 301 678 randi,
336 643 415 685 per
464 642 545 670 nos
597 633 638 671 et
666 644 822 671 omnes
850 644 1129 672 sn‹·‹·essores
1182 634 1373 678 nostros,
1424 631 1622 686 inspecta
1668 634 1712 673 et

157 700 440 743 considerata
466 700 666 741 evidenti
698 701 889 743 utilitate
920 705 1067 743 nostre
1114 702 1446 754 Magalonensis
1498 702 1705 744 Ecclesie.

160 771 279 814 bona
304 770 394 812 fide
422 774 465 812 ct
491 770 587 812 sine
610 771 727 819 dolo,
756 772 999 825 premissas
1029 772 1392 825 recognitionem.
1445 772 1708 814 fidelitatem

160 845 205 884 et
224 842 485 896 homagium
515 842 704 895 benigne
734 845 1031 897 acceptantes.
1064 847 1118 891 et,
1155 843 1196 884 in
1243 843 1423 896 signum
1476 842 1709 884 fidelitatis

160 912 317 969 ipsius,
352 915 392 954 te
423 912 669 968 predictum
699 913 1015 967 Raymunduni
1047 914 1260 955 Atbrandi
1285 914 1340 955 ad
1365 913 1485 968 pacis
1506 914 1708 955 osculum

162 983 452 1039 recipientes,
484 983 564 1026 tibi
593 987 637 1025 et
667 984 753 1025 tnis
799 984 1134 1025 succesffliribus
1164 985 1416 1031 laudamus,
1472 985 1711 1026 confirma-

163 1068 278 1102 mus,
310 1057 353 1098 ct
378 1054 719 1097 auctorisamus.
751 1055 990 1102 donamus,
1021 1056 1237 1101 cedimus,
1270 1056 1572 1103 concedimus,
1629 1058 1715 1097 tra-

166 1125 317 1168 dimus
344 1128 389 1168 et
439 1126 564 1181 quasi
596 1125 817 1167 tradimus
846 1126 1068 1180 predictas
1096 1125 1411 1168 condaminam
1458 1129 1498 1167 et
1552 1129 1713 1167 terram

163 1196 370 1252 superius
397 1196 718 1243 commutatas,
749 1209 850 1238 cnm
879 1197 1091 1238 (mnibus
1119 1197 1211 1238 suis
1238 1196 1467 1251 juribus-et
1488 1197 1710 1250 pertinen-

163 1267 252 1315 tiis,
284 1268 339 1309 ad
367 1280 526 1310 omnes
554 1267 810 1308 voluntates
841 1270 938 1309 tuas
967 1270 1009 1308 et
1040 1271 1216 1308 tuorum
1240 1267 1281 1308 in
1312 1267 1405 1308 vita
1432 1270 1471 1309 et
1502 1267 1544 1308 in
1571 1270 1711 1309 morte

162 1338 361 1394 plenarie
390 1337 631 1384 faciendas,v
663 1338 719 1379 ad
748 1338 1024 1385 donandum,
1052 1338 1356 1385 vendendum,
1408 1338 1712 1393 impignoran-

162 1409 286 1457 dum,
317 1422 395 1452 seu
423 1409 584 1464 quovis
611 1408 698 1450 alio
726 1409 858 1451 modo
879 1409 1168 1451 alienandum
1197 1409 1461 1463 cuicumque
1491 1409 1585 1450 sive
1614 1408 1714 1463 qui-

165 1481 444 1535 buscumque
466 1480 679 1522 volueris.
709 1480 775 1520 vel
800 1480 878 1526 tui,
905 1480 1104 1534 exeeptis
1132 1480 1351 1521 duntaxat
1394 1479 1559 1521 sanetis
1587 1479 1708 1525 loeis,

163 1551 384 1606 religiosis
412 1554 456 1593 et
483 1551 687 1606 personis
704 1550 1030 1592 ecelesiasticis.
1058 1550 1283 1592 nobilibus
1306 1553 1347 1592 et
1371 1550 1588 1591 militibus
1615 1550 1713 1605 qni-

166 1623 462 1679 buscumque,
488 1622 674 1664 retentis
706 1627 854 1663 tamen
882 1622 1012 1663 nobis
1035 1626 1074 1662 et
1105 1621 1266 1662 nostris
1295 1620 1628 1663 suecessoribus
1668 1620 1710 1661 in

164 1693 293 1736 dictis
315 1693 597 1736 condominis
624 1696 667 1734 et
689 1695 802 1734 terra
820 1692 1033 1734 dominio.
1055 1692 1286 1739 laudimio,
1307 1691 1558 1746 t'oriseapio,
1577 1704 1714 1733 avan-

163 1764 297 1819 tagio,
329 1767 372 1807 et
396 1777 633 1811 consensu,
659 1777 709 1805 ac
737 1763 953 1804 fidelitate
983 1766 1018 1803 et
1053 1762 1260 1814 lioinagio
1288 1761 1716 1817 suprascriptis‚per

136 1849 140 1852 ’
166 1838 206 1878 te
234 1838 278 1878 et
306 1839 406 1878 tuos
427 1835 694 1877 earumdem
722 1834 990 1875 eondfflnine
1014 1837 1050 1875 et
1103 1836 1216 1874 terre
1264 1833 1436 1875 tuturos
1487 1833 1710 1875 dominos,

166 1906 293 1949 nobis
320 1909 363 1949 et
390 1905 552 1949 nostris
603 1905 937 1948 successoribus
964 1918 1015 1945 ac
1042 1904 1347 1957 Magalonensi
1385 1903 1576 1945 Ecclesie
1616 1917 1715 1957 pre-

165 1976 281 2020 dicte
308 1977 591 2020 exhibendis.
624 1977 838 2031 quociens
868 1990 945 2030 per
974 1990 1051 2017 nos
1079 1978 1119 2015 et
1150 1977 1327 2016 nostros
1379 1975 1516 2016 tueris
1568 1974 1715 2028 requi-

166 2048 279 2091 situs

226 2119 440 2166 Scientes‚
474 2121 515 2160 et
545 2119 587 2159 in
637 2118 821 2160 veritate
851 2119 1219 2171 rerogmiseentes
1236 2119 1278 2158 et
1322 2115 1588 2158 confitentes
1636 2129 1714 2157 nos

166 2190 379 2233 habuisse
407 2204 433 2232 a
456 2194 496 2232 te
514 2193 552 2231 et
575 2190 854 2231 numerando
885 2188 1104 2243 recepisse
1128 2187 1404 2241 integraliter
1431 2190 1473 2229 et
1494 2187 1713 2241 complete

165 2261 318 2304 omnia
343 2274 393 2304 ac
445 2263 535 2303 tota
572 2260 786 2302 laudimia
834 2273 909 2301 sen
941 2258 1191 2312 lin-iseapia,
1223 2271 1309 2312 qne
1361 2262 1453 2298 tam
1481 2260 1526 2298 tu
1577 2270 1713 2311 quam

166 2332 505 2388 predecessores
535 2331 612 2379 tui,
637 2330 867 2373 occasione
891 2328 1341 2384 permutationumde
1372 2328 1580 2382 predictis
1612 2341 1714 2370 con-

165 2403 348 2445 damina
374 2406 417 2445 et
468 2406 583 2444 terra
612 2402 827 2444 laetarum
862 2400 1090 2442 retroactis
1139 2399 1429 2453 temporibus,
1462 2399 1589 2439 nobis
1634 2412 1713 2439 seu

167 2473 331 2516 nostris
378 2473 768 2529 predecessorilnis
820 2470 1038 2513 debuistis
1067 2483 1145 2510 seu
1173 2470 1337 2510 debere.
1378 2469 1717 2525 quomodolibet

166 2545 391 2600 potuistis;
446 2544 758 2586 renunciantes
787 2542 978 2584 scienter
1018 2544 1059 2581 et
1087 2554 1300 2595 expresse
1328 2540 1579 2595 exceptioni
1628 2553 1715 2581 non

166 2618 399 2657 numerate
423 2614 610 2670 pecunie
638 2617 680 2655 et
710 2628 794 2654 non
824 2612 971 2653 habite
995 2625 1071 2651 sen
1102 2614 1291 2665 recepte.
1324 2614 1365 2652 et
1395 2611 1713 2652 latnliinioruni

165 2700 243 2730 Seu
274 2686 612 2740 toi-iscapior'um
642 2699 727 2726 non
757 2684 1018 2725 solutorum.
1045 2685 1085 2722 et
1115 2682 1209 2736 spei
1242 2682 1388 2724 t'nture
1440 2681 1712 2723 numeratio-

167 2757 234 2799 nis
261 2760 306 2799 et
331 2757 465 2799 errori
495 2757 685 2803 calenti,⁴

224 2828 276 2869 Et
296 2827 330 2868 si
349 2827 459 2869 l'orte
485 2826 679 2881 predicte
701 2824 971 2865 condamina
998 2825 1034 2863 et
1070 2825 1200 2864 terra.
1240 2837 1315 2864 seu
1363 2823 1503 2864 altera
1539 2835 1714 2864 earnm-

163 2897 284 2944 dcm‚
310 2900 515 2952 pretextu
546 2911 622 2938 seu
652 2895 883 2937 occasione
913 2892 1232 2935 laudimiorum
1261 2908 1339 2935 sen
1369 2893 1707 2947 t'orisrapiorum

163 2968 483 3023 predictorum,
514 2967 622 3008 olim
652 2981 737 3008 non
768 2966 1034 3010 solutorum,
1065 2964 1135 3004 vel
1164 2964 1358 3017 homagii
1404 2978 1489 3004 non
1544 2962 1713 3017 prestiti

164 3038 471 3093 suprascripti,
503 3038 730 3080 inciderint
765 3037 804 3077 in
845 3033 1156 3081 commissum,
1208 3049 1288 3076 nos
1335 3035 1451 3075 bono
1473 3034 1624 3076 animo
1659 3045 1716 3074 ex
