1991 3279
964 357 1017 363 —
1046 332 1132 375 884
1162 358 1213 364 --

310 437 422 477 rium
452 440 494 478 ct
520 435 737 491 majorem
764 437 1136 491 jurisdictionem,
1171 453 1309 495 quam
1336 439 1619 483 habebamus
1640 440 1686 482 in
1718 444 1864 484 castro

307 509 362 549 ‹le
390 508 619 553 Porriano,
646 511 689 549 et
713 508 814 562 jura
835 508 971 557 leudi,
997 510 1194 566 homagii
1217 513 1260 552 et
1282 511 1539 566 vassallagii
1561 526 1647 567 que
1669 511 1866 555 habeba-

309 592 409 620 mus
437 578 482 619 in
503 579 740 620 dominum
763 579 817 620 de
839 580 964 635 Rupe
994 583 1037 622 et·
1063 581 1118 623 de
1142 581 1406 630 Poscheriis,
1438 585 1481 624 et
1514 582 1783 625 Gaulridum
1810 584 1865 626 de

311 649 496 691 'vai—vnis
527 649 731 696 militem,
759 652 1145 693 constabularium
1186 655 1391 694 nostrum
1431 654 1717 702 Carcassono,
1743 668 1868 697 ocea-

307 720 432 763 sione
462 734 618 762 eorum
646 735 734 777 que
761 721 882 764 idern
905 723 1117 765 dominus
1134 724 1188 765 de
1206 725 1363 779 Ruppe
1392 727 1435 766 et
1462 725 1868 780 predictusGaufri-

304 792 389 833 dus
417 791 584 833 habent
605 795 648 833 et
675 792 909 846 possident.
929 793 974 834 in
997 793 1361 850 castro'predicto
1383 799 1427 838 et
1448 795 1544 851 ejus
1568 795 1867 839 mandamen-

309 867 363 911 to,
401 865 532 917 prout
554 863 598 903 in
626 863 934 918 assignatione
956 866 1157 920 predicta
1182 866 1361 921 plenius
1389 868 1657 916 continetum

365 934 637 976 Mandamus
660 935 789 977 vobis
817 939 861 978 et
882 939 1085 978 vestrum
1113 937 1311 985 cuilibet,
1338 941 1470 992 prout
1498 938 1628 980 vobis
1656 939 1864 987 subsunt,

307 1008 532 1059 quatenus
560 1007 841 1060 compellatis
868 1007 1094 1062 predictos
1122 1009 1358 1051 dominum
1381 1009 1435 1051 de
1457 1010 1616 1065 Ruppe
1638 1013 1681 1052 et
1703 1009 1871 1065 faupri-

307 1077 416 1117 dum
446 1076 610 1119 intrare
632 1077 898 1133 homagium
926 1084 970 1120 et
997 1078 1265 1122 fidelitatem
1294 1080 1482 1135 predicti
1536 1081 1869 1136 Magalonensis

308 1147 506 1203 episcopi
536 1162 615 1203 pro
637 1149 866 1204 predictis,
900 1154 1032 1205 prout
1053 1151 1183 1193 nobis
1206 1154 1410 1206 tempore
1431 1151 1751 1206 assignationis
1778 1153 1869 1195 his-

306 1218 505 1273 jusmodi
536 1220 832 1262 tessebantur.

366 1291 453 1332 Nos
470 1290 593 1332 enim
609 1292 665 1332 ab
684 1292 941 1347 homagioet
961 1296 1243 1336 sacramento
1266 1294 1498 1336 fidelitatis
1519 1295 1712 1350 quilibet
1738 1295 1868 1337 nobis

306 1361 539 1403 occasione
568 1362 830 1417 hujusmodi
859 1367 993 1406 antea
1041 1366 1291 1411 tenebatur,
1323 1366 1606 1408 absolvimus
1634 1368 1678 1408 et
1704 1365 1869 1422 quitta-

306 1445 407 1473 mus
429 1434 629 1481 eosdem,
661 1448 763 1476 cum
792 1448 891 1477 eam
920 1436 1107 1478 fecerint
1128 1436 1338 1492 episcopo
1369 1438 1643 1492 supradicto.

364 1504 526 1546 Actum
571 1506 784 1555 Parisius,
816 1507 888 1548 die
938 1507 1054 1562 jovis
1082 1511 1184 1562 post
1234 1508 1507 1550 dominicam
1535 1522 1625 1564 qua
1665 1511 1870 1551 cantatur

306 1575 617 1625 li’etm'm'scere,
651 1590 768 1619 anno
797 1578 975 1620 Domini
1005 1579 1246 1621 millesimo
1268 1579 1427 1623 CCC¹³¹0.

367 1720 538 1769 Quibus
566 1720 723 1762 litteris
752 1721 813 1763 sic
845 1723 1129 1776 presentatis.
1161 1723 1306 1765 dietus
1343 1726 1604 1778 procurator
1632 1722 1870 1779 requisivit

308 1790 477 1832 dietum
506 1792 804 1834 senescallum
830 1796 876 1834 ut
905 1793 1155 1848 predictum
1180 1795 1446 1836 mandatum
1468 1794 1642 1850 regium
1672 1808 1871 1850 exequa-

313 1864 393 1902 tur.

370 1933 422 1976 Et
449 1947 550 1976 cum
579 1935 724 1977 dictus
761 1936 972 1978 dominus
1001 1937 1291 1984 senescallus,
1321 1936 1449 1992 juxta
1478 1938 1744 1979 mandatum
1771 1950 1869 1992 pre-

310 2004 478 2047 dictum
501 2006 634 2047 vellet
652 2008 921 2062 compellere
947 2009 1003 2049 ad
1032 2008 1233 2063 predicta
1260 2008 1428 2050 dictum
1451 2008 1688 2051 dominum
1705 2008 1871 2050 Gnido-

312 2091 412 2118 nem
442 2078 495 2119 de
515 2079 687 2133 Rnppc,
720 2079 924 2121 etdictus
953 2080 1097 2121 Guido
1126 2094 1204 2135 pro
1236 2080 1425 2135 pleniori
1453 2079 1719 2122 liberatione
1746 2082 1869 2134 pete-

311 2152 376 2189 ret
404 2149 488 2189 sibi
517 2150 711 2204 spatium
743 2151 902 2192 saltem
934 2152 1067 2193 nnius
1097 2151 1264 2193 mensis
1292 2151 1345 2193 ad
1377 2152 1577 2207 predicta
1603 2149 1866 2193 solemniter

309 2220 600 2274 perficienda,
646 2222 830 2264 tandem
884 2222 1087 2278 prelatus
1127 2223 1338 2264 (lominus
1385 2223 1674 2270 senescallus,
1722 2221 1878 2271 forma

310 2291 413 2332 ‹licli
441 2293 640 2334 mandati
669 2293 909 2347 diligenter
948 2297 1133 2341 attenta,
1184 2295 1383 2350 precepit
1428 2297 1471 2335 et
1517 2293 1712 2349 injunxit
1750 2293 1868 2335 dieto

316 2362 509 2403 Guiiloni
538 2365 754 2418 presenti,
786 2367 834 2405 ut
874 2365 991 2407 inira
1036 2378 1240 2407 mensem
1290 2365 1565 2420 proximum,
1614 2365 1698 2407 snb
1742 2364 1871 2419 penis

310 2434 520 2475 omnibus
543 2448 655 2489 quas
684 2439 836 2490 posset
864 2436 955 2478 lore
985 2436 1127 2478 facere
1154 2437 1223 2478 vel
1251 2437 1477 2478 incurrere
1505 2436 1688 2478 domino
1718 2437 1868 2478 nostro

316 2505 423 2558 regi.
458 2505 593 2547 intret
621 2507 883 2561 homagium
912 2511 955 2550 et
976 2507 1246 2550 fidelitatem
1274 2507 1446 2550 domini
1475 2507 1674 2563 episcopi
1702 2519 1872 2549 memo-

312 2576 410 2618 rati.
442 2576 587 2618 causis
616 2580 655 2619 et
687 2578 936 2621 rationibus
955 2579 1162 2634 superius
1190 2578 1455 2633 designatis,
1487 2582 1531 2621 et
1557 2581 1691 2634 prout
1716 2577 1761 2619 in
1777 2577 1874 2620 dic-

315 2650 354 2688 ta
383 2647 531 2688 littera
558 2649 821 2699 continetur,
869 2650 1194 2705 cujuscumque
1241 2650 1470 2692 dilationis
1515 2649 1746 2692 obstaculo
1774 2662 1873 2704 pre-

314 2718 536 2760 tei-misso.

374 2862 421 2903 Ei.
451 2861 743 2903 incontinenti
772 2864 916 2905 divtiis
944 2867 1222 2920 procurator,
1255 2865 1437 2906 nomine
1486 2878 1574 2920 quo
1615 2877 1766 2918 supra,
1811 2876 1868 2904 ex

312 2947 431 2975 nuuc
476 2933 712 2989 requisivit
757 2938 800 2975 et
848 2936 1022 2977 monuit
1061 2936 1231 2977 dictum
1284 2936 1538 2978 Guidonem
1567 2938 1616 2977 ut
1667 2933 1871 2990 predicta

311 3003 444 3046 saciat
464 3003 581 3046 infra
610 3018 815 3047 mensem
843 3006 928 3047 sibi
957 3007 1166 3062 superius
1196 3007 1492 3062 assignatum.
