2107 3404
796 96 848 101 -
877 69 1045 112 429--

143 180 348 237 pecias...
381 179 599 222 faciemus
640 181 681 220 te
710 180 753 220 et
775 181 875 220 tuos
902 180 947 219 et
966 188 1259 233 quoscunque
1282 174 1494 224 volueris,
1520 188 1699 230 semper

141 251 322 299 habere,
348 253 500 292 tenere
527 249 678 305 quiete
701 253 745 291 et
777 251 996 304 perpetuo
1022 260 1102 303 pro
1128 246 1270 288 libero
1297 248 1432 302 atque
1486 245 1695 288 absoluto

139 321 359 369 alodio...;
403 324 447 363 et
467 324 624 363 contra
673 331 1009 376 quamcumque
1063 329 1359 374 personam...
1409 315 1578 359 nostris
1620 329 1694 358 ex-

145 392 298 448 pensis
325 392 516 448 propriis
544 391 589 432 in
616 390 692 433 lite
715 395 759 432 et
785 393 912 432 extra
935 389 1249 432 defendemus.

199 463 252 505 Et
280 462 570 505 invictionem
600 461 990 514 (zavictionem),
1017 460 1054 502 si
1095 459 1376 514 contingeret
1419 458 1591 506 fieri...‚
1640 452 1697 501 ad

143 534 327 589 plenum
356 534 700 576 restituemus...
727 532 794 574 Nil
837 532 1039 573 diximus
1067 530 1312 586 quominus
1355 529 1560 585 predicta
1604 542 1700 571 om-

116 602 216 646 'nia
258 607 302 646 et
329 604 507 659 singula
530 604 663 646 firma
704 606 1071 658 permaneant...;
1114 601 1368 656 obligamus
1389 600 1471 642 tihi
1516 603 1561 643 et
1611 600 1698 642 tuis

140 676 292 718 omnia
320 676 439 717 bona
467 675 601 718 totius
635 674 891 721 comitatus,
925 673 1243 722 renunciantes
1270 671 1396 715 omni
1423 670 1509 727 juri
1537 675 1581 715 et
1629 685 1699 714 ra-

142 746 250 789 tioni
277 747 443 802 quibus
470 749 625 787 contra
651 746 804 791 venire
833 757 1086 799 possemus.

200 889 252 930 Et
278 902 360 943 ego
387 889 656 931 Guillelmus
691 886 874 941 Augorii
902 885 1183 933 domicellus,
1218 885 1437 942 recipiens
1464 884 1602 940 gratis
1653 888 1698 927 et

142 963 379 1014 acceptans
402 960 653 1015 predictum
676 958 931 1001 scamhium
953 970 1033 999 seu
1056 956 1518 1012 permutationem...,
1546 956 1592 997 in
1636 955 1698 998 lo-

141 1043 241 1072 cum
266 1030 567 1085 predictarum
586 1030 816 1085 peciarum
838 1032 1060 1070 terrarum
1076 1027 1481 1070 seambiatarum...
1500 1027 1698 1069 concedo

141 1104 184 1143 et
209 1101 394 1142 omnino
422 1101 755 1156 imperpetuum
780 1100 1044 1156 derelinquo
1077 1098 1224 1146 vohis,
1250 1098 1434 1140 domino
1478 1097 1699 1152 Berenga-

143 1172 208 1214 rio
229 1172 420 1219 Fredoli,
446 1172 523 1213 Dei
550 1173 696 1226 gratia
723 1170 1033 1226 Magalonensi
1056 1169 1282 1225 episcopo.
1322 1168 1596 1224 dominoque
1620 1166 1694 1227 [et]

140 1242 292 1285 comiti
320 1243 521 1298 Melgorii
545 1246 588 1285 et
608 1242 987 1288 Montist'errandi,
1011 1245 1055 1283 et
1075 1240 1409 1283 successoribus
1431 1239 1610 1288 vestris,
1629 1239 1697 1281 fu-

142 1314 254 1356 turis
281 1314 478 1356 dominis
506 1314 745 1369 episcopis,
777 1313 1065 1368 dominisque
1095 1310 1170 1369 [et]
1199 1311 1439 1353 comitibus
1491 1310 1693 1365 Melgorii

142 1388 186 1427 et
212 1384 634 1432 Montisl'errandim
660 1398 741 1440 pro
781 1384 937 1431 libero,
971 1397 1099 1438 puro,
1133 1382 1283 1424 l'ranco
1311 1385 1449 1437 atque
1490 1381 1697 1423 absoluto

138 1455 303 1504 alodio,
328 1456 538 1498 videlicet
559 1455 791 1511 quoddam
830 1467 991 1496 nemus
1014 1466 1182 1499 meum,
1214 1465 1318 1494 cum
1338 1452 1575 1494 arboribus
1603 1451 1696 1494 suis

141 1529 184 1569 et
213 1526 358 1581 lignis,
389 1530 433 1569 et
471 1523 694 1581 garrigiis,
725 1529 770 1568 et
814 1524 1056 1572 motzeriis‚
1082 1527 1126 1566 et
1158 1523 1353 1580 pascuis,
1404 1526 1448 1565 et
1485 1522 1696 1565 omnibus

144 1598 244 1640 aliis
271 1600 314 1639 et
341 1597 529 1652 singulis
549 1597 725 1652 juribus
752 1599 796 1639 et
822 1596 1106 1652 pertinentiis
1129 1595 1275 1637 suis...

200 1669 327 1720 Quod
355 1668 663 1711 confrontatur
689 1681 747 1710 ex
791 1681 883 1710 una
910 1670 1052 1723 parte,
1095 1680 1201 1709 cum
1229 1680 1415 1708 nemore
1467 1663 1698 1707 Guillelmi

141 1742 196 1782 de
218 1740 501 1788 Altovilario‚
533 1754 588 1782 ex
615 1740 703 1782 alia
731 1742 856 1794 parte
893 1752 996 1780 cum
1035 1737 1230 1780 carreria
1273 1737 1456 1793 publiea
1480 1750 1571 1793 qua
1608 1736 1698 1778 itur

137 1812 192 1853 de
223 1811 437 1865 Mclgorio
464 1825 624 1853 versus
652 1811 872 1865 hospitale
903 1810 1053 1852 Sancti
1091 1808 1308 1851 Johannis
1336 1809 1390 1850 de
1412 1807 1613 1855 Camilla,
1639 1821 1696 1850 ex

137 1883 226 1925 alia
250 1886 372 1937 parte
400 1895 502 1923 cum
532 1896 715 1924 nemore
744 1881 980 1937 hospitalis
1033 1881 1087 1922 de
1116 1880 1318 1928 Cadulla‚
1345 1893 1403 1922 ex
1430 1879 1519 1921 alia
1569 1881 1695 1934 parte

135 1966 239 1995 cum
271 1953 718 2008 nemore*hospitalis
765 1953 896 1995 Beate
943 1952 1082 1994 Mario
1122 1952 1177 1993 (16
1205 1950 1474 1994 Mairanicis.
1507 1964 1564 1991 ex
1608 1950 1698 1992 alia

139 2027 264 2079 parte
287 2037 386 2066 cum
427 2030 561 2081 palu.
595 2038 650 2065 ex
679 2025 767 2066 alia
802 2027 925 2079 parte
977 2036 1078 2064 cum
1120 2035 1320 2064 memore
1359 2021 1588 2063 Guillelmi
1640 2021 1695 2062 de

137 2096 418 2143 Altovilario⁷
450 2108 507 2137 ex
533 2096 621 2137 alia
650 2100 773 2150 parte
801 2108 904 2137 cum
932 2085 1115 2136 nemore
1138 2093 1380 2136 Raimundi
1403 2093 1458 2134 de
1480 2092 1694 2146 Melgorio

138 2169 183 2207 et
222 2179 324 2208 cum
350 2179 531 2208 nemore
560 2166 796 2221 hospitalis
819 2178 1070 2221 pauperum
1094 2165 1148 2206 de
1170 2164 1402 2218 Melgorio;

195 2237 306 2278 Item
336 2238 581 2292 quamdam
608 2237 868 2279 motzeriam
898 2249 1062 2283 meam,
1088 2230 1385 2289 cumjuribus
1408 2237 1448 2276 ei
1473 2234 1698 2289 pertinen·

141 2307 215 2349 tiis
244 2308 352 2350 suis.
385 2322 470 2363 que
499 2308 809 2358 conl'rontalur
836 2322 893 2349 ex
921 2321 1012 2349 una
1041 2310 1166 2362 parte
1194 2318 1296 2347 cum
1320 2318 1503 2347 nemore
1526 2317 1695 2360 paupe-

141 2392 240 2420 rum
269 2379 324 2420 de
353 2379 581 2433 Melgorio,
613 2393 668 2419 ex
714 2379 802 2420 alia
824 2382 950 2433 parte
986 2390 1088 2419 cuni
1118 2389 1302 2418 nemore
1330 2375 1516 2418 eccle-sie
1562 2375 1696 2417 Beate

141 2449 277 2492 Mai-ie
324 2451 379 2492 de
402 2450 581 2497 Ovorio,
613 2464 668 2492 ex
695 2450 783 2491 alia
805 2452 929 2504 parte
958 2461 1059 2490 eum
1083 2461 1265 2489 nemore
1286 2446 1515 2489 Guillelmi
1543 2447 1598 2488 de
1620 2446 1697 2488 Al-

142 2520 366 2569 tovilario‚
391 2525 556 2563 etcum
586 2520 732 2562 vineis
759 2534 847 2575 que
877 2522 1087 2561 tenentur
1118 2532 1145 2561 a
1172 2531 1259 2566 me,
1286 2521 1329 2560 et
1355 2531 1458 2559 cum
1505 2518 1697 2560 carrel-ia

141 2591 320 2646 publica
340 2605 430 2647 qua
452 2592 541 2633 itur
564 2605 720 2633 versus
748 2589 1066 2648 Jlonpaulmn.

197 2661 523 2703 Verumtamen
550 2663 586 2703 si
615 2662 920 2704 scambium...
953 2662 1055 2716 plus
1084 2661 1202 2702 valet
1231 2674 1362 2707 nunc,
1388 2674 1466 2701 seu
1502 2660 1545 2700 in
1576 2660 1692 2700 [utu-

141 2744 242 2772 rum
271 2732 440 2774 valebit
467 2734 583 2784 (ele.‚
618 2739 668 2774 ul
694 2747 836 2792 supra
865 2731 980 2773 daus
1002 2747 1047 2773 ce
1074 2731 1214 2772 merae
1240 2737 1337 2772 acle
1354 2729 1569 2787 ‚l'lc-ss'qu'd)
1625 2744 1699 2772 ve-
