2205 3299
1128 147 1373 202 -370—

469 265 626 310 tatem,
656 262 701 303 et
725 257 979 302 hominium
1009 258 1054 298 et
1077 254 1167 298 alia
1193 252 1500 309 suprascripta
1533 245 1818 303 recipientes,
1870 239 2032 290 lauda-

471 345 574 375 mus
601 334 646 374 et
671 329 1013 375 confirmamus,
1032 324 1113 368 tibi
1141 323 1370 367 Bernardo
1393 315 1724 365 Gandalmarii‚
1744 317 1792 357 et
1813 311 2028 356 omn-ibus

473 401 810 446 successoribus
836 399 942 446 tuis,
972 397 1128 440 omnia
1152 398 1197 438 et
1223 393 1404 449 singula
1427 405 1456 437 a
1474 394 1517 434 te
1544 388 1676 432 nobis
1702 384 1913 441 superius
1960 393 2031 423 re-

470 473 663 529 cognita.
965 466 971 474 '

531 545 643 587 Acta
668 542 854 585 fuerunt
881 541 962 583 hec
988 538 1110 594 apud
1131 536 1486 582 villamnovam,
1515 532 1563 573 in
1583 540 1763 573 camera
1783 523 2031 581 supradicti
2051 522 2061 577 ’ψ

475 615 651 659 domini
677 612 895 670 episcopi,
934 611 981 652 in
1013 607 1248 666 presencia
1272 608 1316 649 et
1364 602 1624 647 testimonio
1674 597 1848 642 domini
1872 594 1921 637 B.
1975 592 2032 636 de
2102 582 2104 584 ’

471 685 765 732 Galazanicis‚
803 679 1109 726 elemosinarii
1153 675 1501 733 Magalonensis‚
1555 669 1730 715 domini
1772 663 2033 720 Randulphi

474 755 677 802 Savarici
697 756 753 798 de
792 751 1054 799 Veiranicis,
1086 747 1291 805 magistri
1319 748 1363 790 S.
1395 746 1451 788 de
1478 742 1641 788 Ortolis
1668 741 1724 784 de
1768 740 2028 794 Breyssaco,
2101 747 2126 753 ‘

473 829 524 872 G.
556 828 613 872 de
639 824 866 882 Rupefixa
887 821 1040 867 Sancti
1059 819 1242 864 Martini
1263 819 1319 861 de
1347 815 1569 859 Vinovolo
1597 813 1815 869 priorum,
1846 813 1892 852 et
1911 807 2032 852 Petri

415 908 418 911 ’
471 898 649 948 vitalis,
679 895 848 953 publici
876 892 1038 936 notarii
1059 891 1265 947 ejusdem
1292 888 1399 931 dicti
1438 885 1613 928 domini
1640 881 1840 939 episcopi
1888 880 1936 925 in
1962 893 2034 925 co·
2105 882 2109 884 ’

472 970 636 1013 mitatu
657 965 861 1022 Melgorii
888 968 933 1007 et
953 959 1321 1006 Montisierrandi
1341 960 1386 1001 et
1412 958 1460 1000 in
1481 958 1573 999 tota
1598 954 1697 1010 ejus
1722 952 2033 1009 jurisdictione
2076 971 2082 976 «

473 1040 553 1099 qui
572 1041 655 1082 hec
676 1037 870 1093 scripsit.
2026 1034 2031 1036 ·

1373 1171 1469 1216 (Reg.
1492 1169 1529 1204 E,
1546 1168 1605 1198 tol.
1625 1166 1688 1197 216
1707 1167 1760 1204 1⁸⁴⁵).

928 1442 1098 1486 DCCCI.
1132 1466 1185 1472 -
1216 1441 1244 1482 4
1270 1439 1453 1483 octobre
1480 1437 1597 1480 1288

522 1588 803 1627 Guillaumo
828 1583 1043 1631 Baudile
1059 1583 1171 1629 paie
1189 1582 1240 1618 la
1251 1580 1379 1618 dime
1400 1590 1465 1617 au
1483 1579 1653 1625 prieur
1671 1579 1732 1616 de
1751 1579 2000 1616 Poussan.

535 1723 667 1764 Anno
717 1715 1042 1762 Incarnationis
1068 1713 1248 1757 Domini
1274 1713 1335 1755 M⁰
1375 1712 1456 1755 CC⁰
1509 1701 1814 1765 octuagesimo
1857 1714 2036 1759 octavo,

475 1792 689 1835 videlicet
722 1791 882 1846 quarto
928 1799 1074 1830 nonas
1111 1783 1322 1840 octobris,
1353 1785 1568 1838 regnante
1596 1782 1782 1825 domino
1826 1782 2041 1838 Philippo
2096 1794 2118 1810 '-

474 1877 578 1919 rege
609 1863 902 1907 Francorum,
934 1856 1144 1910 noverint
1169 1854 1428 1898 universim
1467 1853 1590 1910 quod
1628 1853 1897 1897 Guillelmus
1925 1854 2041 1896 Bau·
2107 1873 2119 1880 ⁴

479 1934 575 1977 dilii
602 1934 658 1976 de
684 1931 901 1974 Porciano
929 1928 1065 1971 solvit
1084 1930 1128 1970 et
1153 1926 1341 1969 tradidit
1367 1925 1593 1968 decimam
1621 1925 1677 1967 de
1719 1925 1826 1967 milo
1853 1925 2041 1967 domino
2104 1920 2106 1922 ’

477 2004 693 2048 Arnaudo
720 2001 882 2047 Bocha,
914 1998 1052 2056 priori
1078 1997 1264 2040 ecclesie
1285 1997 1342 2039 de
1368 1997 1606 2039 Porssano.

537 2075 665 2127 Quod
686 2073 847 2116 milum
869 2071 1076 2114 exiverat
1095 2069 1151 2111 de
1171 2068 1371 2125 quadam
1395 2067 1522 2123 pecia
1546 2070 1661 2111 terre
1681 2069 1786 2112 dicii
1807 2070 2040 2113 Guillelmi
2081 2078 2094 2093 ·
2113 2072 2117 2074 ’

477 2145 688 2193 Baudilii,
715 2147 764 2186 ut
788 2143 886 2199 ipse
907 2141 1178 2184 Guillelmus
1199 2139 1444 2186 asserebat,
1475 2139 1645 2186 dicens,
1664 2139 1866 2197 inquam,
1892 2142 2045 2185 dictus‘
2112 2143 2114 2147 '

479 2217 749 2262 Guillelmus
769 2212 961 2257 Baudilii
991 2215 1035 2254 et
1060 2210 1298 2254 affirmans
1318 2210 1455 2266 quod.
1476 2223 1558 2266 per
1578 2213 1721 2264 totum
1743 2214 1924 2268 tempus
1951 2214 2041 2256 vite
2105 2229 2110 2233 ·

480 2303 576 2338 sue,
598 2287 695 2331 sine
711 2283 1063 2329 contradictione
1076 2281 1267 2336 alicujus
1290 2294 1497 2337 persone,
1520 2281 1717 2325 solverat
1732 2286 1776 2324 et
1791 2285 2039 2328 trfflliderat
2104 2278 2107 2279 ⁷
2182 2325 2184 2327 ,

480 2359 705 2402 decimam
727 2357 955 2399 fructuum
976 2353 1092 2396 dicte
1116 2352 1240 2407 pecie
1263 2355 1377 2394 terre
1399 2351 1671 2394 exeuneium
1693 2353 1829 2408 priori
1851 2355 2038 2398 ecclesie
2064 2382 2081 2415 ἵ,
2113 2395 2115 2398 .

481 2432 537 2474 de
565 2429 796 2473 Porciano.
2116 2411 2118 2415 ’
2182 2413 2183 2417 ’

539 2502 634 2552 Que
661 2500 780 2542 dicta
810 2497 935 2553 pecia
961 2500 1090 2543 terre,
1117 2497 1165 2537 ut
1186 2495 1332 2537 dictus
1352 2493 1622 2537 Guillelmus
1649 2495 1841 2538 Baudilii
1859 2499 2037 2549 asserii,

481 2575 550 2617 est
574 2572 623 2614 in
642 2571 902 2614 tenemento
929 2568 983 2610 de
1006 2566 1235 2612 Porciano,
1268 2569 1313 2608 et
1361 2565 1672 2609 confrontatur
1713 2581 1769 2609 ex
1797 2581 1889 2612 una
1915 2572 2043 2625 parte

481 2657 586 2687 cum
613 2645 788 2698 stagno,
809 2641 854 2682 et
876 2652 935 2681 ex
960 2638 1103 2681 altera
1128 2649 1232 2679 cum
1259 2636 1457 2692 ripperia
1477 2637 1533 2679 de
1555 2639 1728 2687 Avena,
1753 2642 1798 2681 et
1819 2652 1878 2682 ex
1897 2641 2050 2684 altera>
2087 2625 2092 2627 λ

480 2728 585 2758 cum
611 2715 782 2756 honore
809 2709 928 2754 Petri
955 2707 1116 2751 Vitalis
1143 2709 1187 2750 et
1207 2707 1438 2750 Guillelmi
1461 2707 1612 2750 fratris
1639 2709 1724 2756 sui,
1750 2712 1794 2752 et
1815 2692 2040 2754 inlautum
2063 2685 2107 2754 J,

483 2787 677 2833 condam
728 2779 970 2827 Raimundi
1016 2777 1193 2826 Vitellis,
1236 2777 1386 2820 fratris
1412 2778 1607 2820 condam
1647 2779 1873 2824 dictorum
1920 2781 2052 2825 Petri·
2101 2768 2111 2778 ’
