2040 3404
712 377 959 419 —870—

547 625 677 667 MCV.
712 652 764 657 —
793 627 843 668 21
885 627 980 682 juin
1008 628 1122 671 1:300

103 777 360 825 Quittance
370 787 493 823 pour
504 777 649 813 achat
662 778 720 813 de
734 779 881 814 betail
891 779 979 815 fait
999 790 1090 826 par
1101 780 1317 826 l‘eveque
1332 782 1391 818 de
1406 783 1609 830 Mag-ue-

54 837 182 874 lone.

111 983 240 1024 Aimo
268 981 495 1024 Dominice
518 982 839 1024 Incarnationis
865 984 1103 1026 millesimo
1133 985 1457 1034 trecentesimo,
1493 986 1622 1027 seili—

18 1051 23 1056 ’
50 1055 120 1095 cet
147 1053 384 1096 undecimo
412 1052 628 1095 kalendas
670 1053 797 1108 junii.
850 1055 1155 1097 illustrissimo
1177 1055 1360 1097 domino
1400 1056 1606 1112 Philippo

51 1124 319 1167 Francorum
349 1137 451 1179 rege
479 1127 708 1179 regnante.
735 1139 816 1179 ego
845 1126 1001 1167 Petrus
1029 1126 1084 1168 de
1114 1127 1266 1170 Passa.
1298 1129 1441 1168 rector
1467 1128 1603 1169 ecole-

51 1194 115 1238 sie
136 1195 192 1238 de
221 1195 374 1244 Salsis,
426 1195 706 1237 Mimatensis
741 1196 946 1238 diocesis.
997 1209 1098 1238 meo
1127 1197 1307 1239 nomine
1355 1198 1533 1252 proprio
1561 1202 1606 1240 et

48 1266 228 1308 nomine
255 1267 427 1308 domiui
447 1267 675 1308 Michaelis
709 1267 763 1307 de
793 1268 928 1309 Passa
975 1268 1208 1322 presbiteri
1237 1268 1386 1310 fratris
1414 1269 1517 1311 mei.
1559 1273 1605 1311 et

51 1350 129 1393 pro
157 1351 208 1379 eo
234 1351 262 1380 a
287 1351 375 1392 qno
404 1338 628 1393 promitto,
663 1339 747 1379 snb
778 1339 994 1380 bonorum
1024 1351 1228 1380 meorum
1257 1340 1534 1393 presentium
1563 1344 1606 1382 et

51 1408 301 1450 futurorum
330 1409 618 1463 obligatione.
652 1423 721 1450 111«-
752 1410 972 1451 iacturum
996 1413 1037 1451 et
1060 1413 1321 1451 curaturum
1348 1424 1449 1451 cuni
1473 1410 1606 1453 el't'ec-

50 1482 112 1527 tu,
136 1479 255 1535 quod
286 1480 568 1534 infrascripta
590 1480 801 1522 uni-versa
829 1484 866 1521 vl
891 1481 1065 1534 singula
1088 1481 1303 1526 laudabit,
1337 1481 1606 1536 approbabit

47 1554 91 1593 et
106 1550 364 1593 ratifficabit
384 1552 568 1606 quando
587 1564 768 1593 necesse
792 1552 938 1598 luerit,
959 1555 998 1593 el
1024 1564 1257 1606 nunquam
1279 1552 1601 1600 oontraveniet,

45 1622 149 1667 scio,
174 1635 342 1670 assero,
360 1623 579 1664 confiteor
605 1625 645 1664 et
670 1636 934 1677 recognosco
964 1623 1106 1671 vobis,
1131 1623 1323 1665 discreto
1340 1623 1438 1664 viro
1460 1623 1605 1664 domi-

46 1707 104 1735 no
131 1692 384 1736 Raimundo
413 1693 566 1748 Pojeti.
600 1694 847 1748 presbitero
878 1694 1142 1735 beneficiato
1171 1694 1215 1735 in
1249 1694 1437 1736 ecclesia
1465 1695 1604 1736 Lodo-

47 1764 188 1811 vensi,
221 1765 494 1820 procuratori
525 1767 566 1806 el
590 1765 771 1806 nomine
803 1765 1106 1818 1›i·‹›1·iii·‹·ili·›rio
1128 1765 1362 1806 reverendi
1391 1765 1435 1806 in
1458 1765 1604 1806 Clu-is-

47 1838 91 1877 to
117 1835 258 1891 patris
285 1835 456 1877 domini
485 1836 728 1882 Gaucelmi‚
764 1836 839 1877 Dei
864 1837 1007 1889 gratia
1030 1835 1362 1890 Magalonensis
1384 1836 1582 1890 episcopi

47 1906 282 1962 stipulanti
309 1910 353 1948 et
381 1907 629 1962 recipienti,
661 1907 781 1961 quod
812 1920 906 1948 vos.
941 1907 1120 1948 nomine
1150 1907 1453 1961 procuratorio
1495 1907 1600 1949 dicti

46 1977 217 2019 domini
245 1978 441 2033 episcopi
477 1982 521 2020 et
551 1991 628 2033 pro
657 1991 723 2019 eo.
757 1978 1037 2020 satisfecistis
1062 1977 1260 2032 plenarie
1283 1978 1433 2019 michi.
1460 1978 1602 2020 nomi—

47 2048 179 2091 nibus
205 2049 370 2105 quibus
398 2062 533 2104 supra
562 2049 807 2104 recipienti.
842 2049 881 2089 in
912 2049 1116 2090 dui-entis
1144 2052 1185 2091 et
1214 2049 1390 2090 duabus
1413 2049 1536 2091 libris
1558 2053 1601 2090 et

43 2121 198 2162 decem
227 2123 269 2162 et
295 2123 394 2161 octo
421 2121 575 2163 solidis
603 2124 645 2162 et
667 2121 843 2161 dnobus
866 2120 1061 2161 denariis
1105 2119 1416 2161 turonensium
1440 2133 1601 2175 parvo—

42 2204 158 2237 rum,
189 2204 303 2246 quas
332 2192 460 2233 nobis
487 2192 678 2233 debebat
709 2192 854 2232 dictus
882 2191 1093 2232 dominus
1129 2191 1367 2245 episcopus
1395 2204 1474 2246 pro
1502 2204 1600 2246 pre-

41 2261 107 2304 cio
159 2262 342 2306 bobum.
398 2266 633 2305 mutonuin
663 2266 700 2304 el
745 2275 994 2317 porcorum,
1049 2275 1161 2316 quos
1212 2262 1333 2303 iden]
1385 2262 1597 2304 dominus

43 2333 282 2388 episeopus
309 2347 386 2376 seu
415 2334 531 2375 alius
551 2349 628 2389 pro
656 2348 707 2375 eo
735 2335 842 2375 olim
870 2348 894 2374 n
923 2333 1053 2373 nobis
1077 2333 1205 2374 dietis
1235 2332 1446 2375 fratribus
1461 2346 1595 2376 rausa

42 2404 284 2459 emptionis
315 2405 470 2447 habuit
499 2410 541 2447 et
565 2406 744 2460 recepit:
775 2405 1046 2459 computatis
1077 2408 1226 2446 tamen
1255 2404 1296 2445 in
1340 2405 1421 2446 hoc
1450 2405 1597 2460 precio

41 2478 219 2517 centum
248 2479 288 2517 el
317 2477 614 2531 quadraginin
645 2477 904 2517 tautonibus
932 2478 968 2515 el
1001 2475 1239 2517 duodecim
1271 2476 1426 2517 bobus.

100 2546 220 2596 Quos
248 2551 456 2589 mutones
484 2551 526 2589 et
556 2548 694 2589 boves
723 2562 805 2597 ego
833 2547 977 2587 dictus
1006 2547 1163 2588 Petrus
1202 2546 1420 2589 confiteor
1447 2547 1591 2593 vobis.¹

42 2616 226 2660 domino
253 2618 507 2660 Raimundo
537 2619 718 2660 nomine
747 2633 836 2674 qno
864 2631 1000 2672 snpra
1028 2617 1278 2673 stipulanti,
1311 2631 1382 2660 me
1409 2621 1450 2659 et
1503 2618 1596 2660 diev-

40 2689 136 2729 tum
165 2688 349 2731 fratrem
402 2702 553 2731 meum
583 2690 727 2731 adhin-
771 2690 934 2730 haben-e
986 2691 1027 2729 et
1058 2692 1224 2735 tenere,
1257 2689 1437 2731 nomine
1489 2689 1595 2731 dieti

38 2758 209 2800 nomini
224 2759 421 2815 episcopi
439 2763 481 2802 et
504 2775 584 2815 pro
612 2774 677 2802 eo.
703 2764 917 2815 tanquam
938 2773 1058 2806 snos,
1080 2759 1122 2800 in
1137 2759 1303 2802 diocesi
1319 2760 1590 2802 Mimatensi.

94 2828 214 2879 Quos
242 2830 378 2872 etiam
432 2832 658 2886 promitto.
716 2831 975 2871 nominibus
1016 2831 1184 2886 quibus
1235 2844 1388 2885 supra,
1443 2831 1590 2872 eidem

40 2898 224 2942 domino
251 2901 463 2957 episcopo
485 2902 553 2943 xel
585 2903 726 2944 vobis.
748 2916 825 2944 sen
848 2901 923 2943 alii
943 2915 1020 2956 pro
1035 2915 1088 2943 eo
1117 2901 1363 2957 recipienti.
1385 2902 1586 2946 reddere,

39 2971 417 3027 quandocumque
447 2973 542 3027 ipse
572 2973 778 3016 voluerit,
810 2973 864 3014 ad
896 2985 1025 3014 suam
1053 2973 1364 3015 omnimodam
1389 2972 1596 3014 volunta-

38 3041 128 3082 tem
155 3041 293 3085 libere
321 3047 366 3085 et
393 3043 437 3085 in
458 3056 582 3098 pace,
604 3044 699 3086 sine
726 3043 877 3099 aliqua
903 3043 1139 3099 questione
1160 3047 1204 3087 et
1224 3043 1591 3086 contradictione·
