2040 3404
776 252 825 257 --
858 225 941 268 487
973 251 1025 256 -

119 334 287 378 scilicet
314 347 395 377 sex
427 333 601 376 fulchas
623 336 666 376 et
693 346 774 376 sex
802 333 971 377 buchos
1019 332 1307 389 (zbuyssos)
1353 332 1601 381 annuatim,
1650 347 1673 376 a

118 405 233 447 festo
260 404 401 448 sancti
430 404 607 446 Andree
637 416 782 459 usque
810 405 867 446 ad
889 403 1056 447 festum
1085 402 1394 460 Apparitionis
1440 403 1670 447 Dominiee

120 488 200 518 seu
226 475 507 532 Ephiphanie
536 474 651 530 (sic).

177 545 303 598 Quod
324 546 511 603 quidem
541 545 850 588 molendinum
879 548 947 588 est
974 546 1094 602 apud
1116 546 1402 595 Balazucum,
1425 547 1555 602 juxta
1576 561 1673 602 por-

118 616 205 660 tale
233 617 288 660 de
317 617 449 660 Porta
492 616 735 673 Ayguerim
777 617 897 673 quod
945 617 1071 660 molit
1098 621 1141 659 et
1163 616 1299 660 habet
1352 618 1519 660 molere
1571 631 1673 660 cum

117 701 237 744 aqua
260 688 441 731 labente
470 691 513 730 et
535 687 762 730 defluente
791 687 845 729 de
874 689 1032 730 Avena
1083 687 1239 737 fluvio;
1271 690 1315 730 et.
1365 687 1676 731 confrontatur

117 771 219 801 eum
245 761 341 802 orto
363 758 596 801 Bertrandi
619 757 857 805 Sabaterii,
901 761 944 800 et
971 771 1074 800 cum
1115 761 1250 814 ponte
1279 759 1333 801 de
1362 759 1578 802 Balazuco
1633 764 1677 803 et

116 842 218 872 cum
246 830 353 872 stari
380 829 598 872 Bet-nardi
626 829 681 871 de
704 829 963 885 Maymonffl

174 900 411 956 Recipiens
434 914 513 956 pro
541 913 612 943 me
635 903 678 942 et
700 900 1033 942 successoribus
1083 901 1193 943 ineis
1222 914 1246 943 a
1289 901 1433 949 vobis,
1489 902 1672 944 domino

114 971 383 1027 Berengario
411 972 623 1027 episcopo
652 970 910 1026 supradicto
938 975 982 1013 et
1020 971 1200 1019 comite,
1256 972 1415 1015 eodem
1444 976 1673 1028 permuta-

118 1042 249 1085 tionis
277 1042 406 1085 titulo
433 1056 512 1085 seu
549 1042 778 1089 escambii‚
812 1042 1120 1097 possessiones
1147 1043 1253 1086 dicti
1305 1043 1590 1099 episcopatus
1630 1048 1673 1087 et

113 1113 351 1156 comitatus
379 1113 587 1169 superius
614 1113 934 1161 confrontatas,
962 1114 1122 1156 eodem
1151 1115 1285 1156 modo
1314 1118 1357 1157 et
1385 1114 1529 1158 torma
1574 1116 1673 1171 qui-

113 1185 198 1226 bus
225 1187 294 1227 est
321 1183 647 1240 supradictum.

172 1256 305 1298 Facta
331 1259 435 1298 sunt
455 1255 536 1297 hcc
563 1255 794 1298 escanibia
820 1255 1080 1310 supradicta
1099 1255 1196 1311 jure
1219 1257 1469 1301 evictionis.
1497 1259 1532 1301 si
1556 1258 1669 1301 forte

112 1327 158 1368 in
186 1326 380 1368 solidum
409 1329 643 1381 partemve
671 1326 921 1381 contigerit,
953 1326 1183 1369 hincinde
1205 1332 1400 1376 servato,
1428 1330 1556 1372 honis
1578 1331 1670 1373 suis

113 1397 198 1439 sibi
226 1398 282 1439 ad
312 1395 558 1455 [in]vice1n‚
591 1397 824 1438 evictionis
872 1397 1070 1445 nomine,
1124 1398 1350 1453 obligati&
1389 1403 1432 1441 et
1478 1403 1667 1457 utraque

112 1481 216 1523 pars
237 1467 423 1510 donavit
447 1468 587 1522 gratis
615 1470 658 1509 et
683 1467 859 1510 remisit
885 1468 1014 1510 alteri
1038 1468 1168 1524 parti,
1201 1469 1443 1513 donatione
1470 1471 1663 1527 simplici

110 1541 230 1582 inter
255 1539 400 1586 vivos,
424 1541 570 1581 totum
598 1538 762 1580 illud...
789 1539 885 1581 sive
907 1540 1114 1595 duplum,
1137 1540 1321 1596 triplum
1349 1542 1421 1584 vel
1448 1543 1660 1598 amplius,

112 1611 229 1667 quod
261 1623 343 1653 sua
369 1611 536 1652 donata
562 1610 619 1652 ab
647 1623 699 1652 ea
726 1611 958 1652 escambia
986 1611 1086 1666 plus
1125 1612 1280 1654 valent
1305 1626 1445 1669 quam
1472 1618 1666 1670 recepta.

170 1681 542 1724 Promittentibus
570 1681 656 1723 sibi
683 1681 741 1723 ad
782 1680 977 1723 invicem
1031 1682 1235 1737 partibus
1287 1684 1558 1739 supradictis
1587 1700 1667 1741 per

111 1752 464 1808 stipulationem,
485 1752 605 1808 quod
633 1765 715 1794 sua
730 1752 838 1794 data
858 1753 1087 1795 eseambia
1113 1755 1372 1809 supradicta
1396 1755 1559 1798 facient
1579 1757 1671 1799 die-

112 1827 153 1865 te
181 1826 330 1879 partes
351 1823 437 1865 sibi
465 1823 665 1865 vicissim
694 1836 876 1878 semper
901 1823 1083 1871 habere,
1118 1827 1267 1867 tenere
1289 1839 1339 1868 ac
1362 1827 1546 1882 pacifice
1568 1842 1669 1883 pos—

110 1894 271 1942 sidere,
303 1897 345 1936 et
366 1895 424 1937 ab
451 1894 576 1936 omni
605 1907 798 1949 persona
824 1895 1211 1937 contr-atlicente...
1257 1910 1302 1938 se
1331 1897 1595 1943 deffendent
1620 1904 1666 1944 in

109 1966 186 2007 lite
214 1969 259 2007 et
284 1969 412 2008 extra
436 1965 578 2013 litem,
610 1968 653 2007 et
671 1978 813 2020 usque
841 1965 897 2006 ad
915 1965 1175 2009 tinemlitis
1204 1968 1297 2010 suis
1325 1971 1517 2025 propriis
1545 1985 1666 2016 sum—

108 2037 172 2092 pt?
179 2037 262 2079 bus
289 2040 334 2079 et
359 2035 605 2091 expensis..

112 2115 115 2118 ⁴
167 2107 307 2150 Cone
301 2107 527 2150 dentibus
555 2107 639 2148 sibi
667 2107 723 2148 ad
751 2106 947 2148 invicem
982 2108 1184 2162 partibus
1213 2112 1499 2166 supradictis
1526 2117 1662 2171 quod

110 2179 372 2221 alcioritate
401 2190 482 2220 sua
511 2177 957 2232 prop1ia‚dict01um
987 2179 1332 2229 escambiorum
1363 2197 1390 2225 a
1428 2199 1474 2227 se
1497 2187 1581 2228 sibi
1609 2189 1664 2230 nd

108 2250 302 2292 invicem
325 2249 403 2292 dat
419 2261 550 2296 mum,
571 2248 849 2303 corporalem
875 2250 1210 2303 possessionem
1236 2257 1393 2297 mutuo
1414 2258 1665 2312 apprehen—

110 2321 219 2363 dant
234 2319 436 2376 etquasi;
457 2323 501 2362 et
516 2319 708 2365 intenim,
731 2318 872 2361 donce
893 2332 993 2361 eain
1016 2315 1414 2375 apprehenderint,
1435 2329 1666 2372 constituIt

111 2405 173 2439 se,
206 2404 297 2434 una
322 2404 426 2446 pars
455 2404 534 2446 pro
579 2390 721 2432 altera
747 2393 791 2432 et
837 2391 1018 2433 nomine
1046 2392 1247 2441 alterius,
1279 2395 1397 2439 dieta
1446 2398 1551 2442 data
1578 2401 1664 2443 sibi

110 2463 166 2504 ad
190 2461 382 2503 invicem
406 2461 648 2508 escambia,
681 2461 880 2515 precario
906 2460 1003 2515 jure
1034 2465 1181 2518 tenere
1203 2477 1253 2506 ae
1275 2467 1410 2509 etiam
1432 2472 1664 2524 possidere

109 2538 154 2575 et
180 2532 324 2589 quasi.

168 2603 541 2645 Promittentibus
587 2602 717 2644 dictis
746 2603 951 2658 partibus
1004 2604 1089 2646 sibi
1117 2606 1174 2647 ad
1226 2607 1421 2653 invicem
1450 2627 1496 2655 se
1526 2617 1665 2661 nichil

110 2673 323 2716 fecisse...
349 2673 593 2729 quominus
623 2673 821 2728 predicta
843 2673 926 2715 sibi
955 2674 1062 2717 data
1081 2689 1108 2718 a
1128 2690 1174 2718 se
1197 2682 1426 2725 escambia
1447 2688 1490 2727 et
1511 2690 1663 2731 omniu

109 2748 154 2787 ct
180 2744 358 2798 singula
383 2744 690 2799 suprascripta
718 2744 855 2785 robur
881 2745 1118 2789 obtineant
1170 2754 1385 2805 perpetue
1416 2755 1659 2807 firmitatis,

109 2818 153 2856 et
178 2815 301 2870 quod
327 2815 528 2870 predicta
554 2815 708 2857 omnia
733 2817 776 2856 et
803 2815 982 2869 singula
1009 2817 1123 2859 dicte
1153 2823 1302 2873 partes
1332 2826 1566 2869 teneant...

169 2885 500 2928 Renunciantes
546 2900 682 2940 super
709 2885 809 2927 hiis.
841 2887 1099 2929 s(·ier1t‹.·1·et
1153 2894 1371 2935 consulte.
1406 2899 1568 2941 actioni
1623 2908 1659 2943 υΙ
