2107 3404
743 206 798 214 —
826 180 920 226 339¹
941 205 994 213 ——

147 290 204 334 Et
229 289 351 346 quod
377 302 460 346 per
484 288 654 332 dictum
676 289 913 332 dominum
953 288 1158 346 Agantici
1209 288 1401 344 petitum
1452 292 1520 331 est
1546 303 1648 345 pro-

90 360 296 404 nunciari
322 359 529 403 homines
567 360 684 403 dicte
711 360 817 402 ville
846 360 1052 415 Agantici
1081 372 1170 402 non
1225 359 1391 402 debere
1437 359 1544 402 alibi
1573 360 1649 402 de-

91 444 321 488 quoquere
349 444 490 486 panes
517 444 638 479 suos,
669 430 755 472 nisi
783 430 828 472 in
869 430 999 490 furno
1048 429 1220 472 domini
1271 430 1475 484 Agantici
1526 431 1646 487 apud

93 502 378 557 Aganticum‚
403 498 608 559 nec[nisi]
645 500 691 542 in
743 501 1016 544 molendinis
1061 500 1167 542 dicti
1218 500 1391 542 domini
1442 501 1647 556 Agantici

92 573 260 615 molere
282 572 418 614 blada
438 585 531 621 sua,
566 584 669 613 cum
709 571 828 614 dicat
855 575 898 614 et
929 574 1101 614 asserat
1128 584 1185 613 ex
1211 570 1386 613 diutina
1411 575 1651 614 consuetu-

93 643 198 685 dine
226 645 267 686 et
296 656 381 685 usu
404 642 635 698 legissimo
665 645 740 695 (=
755 642 975 697 legitimo)
1004 642 1089 684 sibi
1115 641 1187 697 jus
1208 644 1464 697 competere
1485 641 1531 683 in
1552 655 1651 697 pre-

94 713 239 761 dictis,
272 713 404 758 nobis
431 715 475 755 et
501 713 779 755 ordinationi
810 716 960 755 nostre
983 712 1247 761 retinemus,
1280 712 1421 754 donec
1472 712 1651 768 plenius

95 783 501 827 deliberaverimus
528 797 665 839 super
691 783 816 838 ipsis.

153 854 418 898 Retinemus
445 854 580 897 etiam
610 855 755 902 nobis,
787 868 844 896 ex
874 857 1092 910 potestate
1139 855 1268 898 nobis
1307 856 1426 903 data,
1458 858 1654 911 potesta-

95 928 186 968 tem
208 924 478 974 declarandi,
508 925 831 980 interpretandi
852 927 896 967 et
917 925 1094 980 plenius
1116 926 1442 980 pronunciandi
1465 926 1502 968 si
1523 926 1652 967 nobis

97 996 250 1038 visum
274 995 421 1042 fuerit,
448 998 492 1037 et
517 995 804 1037 diminuendi
831 998 874 1038 et
899 989 1161 1050 augendi'si
1190 1009 1374 1038 necesse
1403 995 1552 1044 fuerit,
1579 1009 1655 1038 su-

98 1080 179 1122 per
206 1065 529 1122 pronunciatis.
560 1067 596 1109 si
625 1067 777 1123 aliqua
822 1066 961 1109 dubia
989 1066 1157 1108 fuerint
1182 1067 1255 1109 vel
1305 1068 1508 1116 obscura,
1550 1067 1654 1110 hinc

97 1137 155 1181 ad
177 1150 318 1179 unum
356 1150 542 1180 annum.
577 1137 725 1193 Super
750 1137 916 1193 quibus
943 1137 1290 1193 pronuntiandis
1328 1138 1537 1194 capitulis
1564 1152 1654 1181 non

98 1207 421 1265 pronunciatis,
453 1211 493 1250 et
523 1222 660 1264 super
678 1209 779 1251 aliis
801 1209 1097 1257 declarandis,
1122 1209 1472 1265 interpretandis
1499 1212 1542 1252 et
1563 1210 1656 1265 ple-

95 1279 200 1321 nius
230 1278 592 1334 pronuntiandis,
624 1278 932 1321 diminuendis
959 1282 1002 1321 et
1029 1279 1264 1334 augendis,
1297 1282 1342 1321 ut
1371 1283 1438 1322 est
1464 1280 1657 1326 dictum,

96 1363 184 1392 nou
207 1349 485 1392 intendimus
507 1362 587 1404 per
614 1352 874 1404 presentem
903 1348 1318 1405 pronuntiationem
1336 1350 1486 1394 officio
1504 1354 1655 1393 nostro

99 1418 336 1475 potestatis
386 1419 667 1461 arbitratorie
705 1433 804 1461 esse
857 1419 1012 1467 functi,
1044 1420 1123 1462 sed
1175 1420 1326 1476 ipsum
1377 1421 1655 1463 intendimus

99 1490 247 1546 potius
264 1490 469 1539 retinere;
500 1492 668 1531 etcum
696 1490 907 1545 predictis
931 1490 1141 1533 volumus
1168 1491 1290 1547 quod
1319 1490 1377 1533 sit
1403 1505 1508 1546 pax,
1546 1492 1652 1534 finis

101 1563 146 1603 et
170 1560 412 1603 concordia
438 1560 554 1603 inter
582 1564 749 1615 partes.
781 1563 821 1602 et
845 1561 966 1615 quod
994 1561 1251 1615 emologent
1280 1561 1396 1603 dicte
1427 1566 1593 1617 partes.

161 1702 283 1745 Dicte
314 1716 419 1744 vero
447 1705 598 1758 partes
636 1703 1023 1758 emologaverunt,
1054 1705 1098 1745 et
1124 1703 1327 1758 qualibet
1354 1717 1435 1760 pro
1464 1718 1526 1751 se,
1570 1704 1660 1746 dic-

104 1775 216 1821 tum,
247 1775 291 1815 et
317 1774 761 1821 determinationem,
793 1777 838 1815 et
883 1774 1305 1829 pronunciationem
1327 1777 1371 1816 et
1419 1777 1652 1823 statutum,

103 1844 225 1898 quod
254 1844 422 1886 factum
450 1844 535 1886 fuit
556 1858 635 1899 per
662 1845 963 1886 reverendum
992 1848 1166 1899 patrem
1213 1845 1449 1887 dominum
1490 1846 1662 1901 episco-

104 1927 215 1970 pum
244 1915 533 1970 prelibatum,
565 1915 609 1956 in
633 1915 845 1970 predictis
891 1916 1158 1957 arbitratum
1212 1916 1529 1966 (zai-bitrnm)
1582 1931 1662 1960 seu

105 1985 419 2028 arbitratorem
444 1986 712 2040 predictum.

122 2085 127 2089 -
163 2056 275 2098 Acta
301 2055 481 2098 luerunt
521 2055 632 2114 [hec]
675 2057 987 2113 sollempniter
1007 2058 1231 2100 celebrata
1280 2060 1400 2113 apud
1442 2060 1663 2101 Montem-

106 2126 418 2183 pcssulanum‚
450 2127 495 2168 in
529 2128 633 2169 aula
661 2127 821 2182 prefati
849 2128 1020 2170 domiui
1053 2116 1268 2184 episcopi,
1302 2129 1511 2172 videlicet
1561 2144 1661 2184 pro-

37 2235 42 2239 .
103 2197 356 2245 nunciacio,
386 2198 608 2240 ordinatio
635 2202 680 2240 et
705 2199 927 2247 definitio,
955 2202 997 2241 et
1023 2203 1232 2242 contenta
1261 2201 1304 2242 in
1332 2200 1395 2242 eis
1423 2204 1463 2242 et
1488 2200 1656 2242 cinolo-

107 2268 229 2322 gatio
250 2281 372 2310 anno
400 2267 579 2310 Domini
604 2269 845 2312 millesimo
873 2270 1182 2313 ducentesimo
1203 2271 1509 2325 octuagesimo
1535 2272 1666 2327 quin-

87 2342 166 2395 to,
197 2338 367 2381 scilicet
393 2339 446 2380 X⁰
463 2340 596 2381 Vllll'·
626 2340 841 2382 kalendas
868 2340 1095 2383 febroarii.
1127 2342 1311 2383 domiuo
1333 2343 1541 2399 Philippo
1563 2336 1665 2396 rege

105 2411 385 2454 Francorum
415 2414 647 2465 regnante,
679 2414 723 2452 ct
750 2411 938 2453 domino
966 2412 1247 2467 Bcrengario,
1282 2414 1360 2454 Dei
1405 2417 1549 2470 gratia
1574 2417 1667 2464 Ma,-

81 2481 343 2538 ·galonensi
365 2481 575 2536 episcopo
602 2482 877 2536 presulante,
905 2477 957 2523 'in
978 2483 1211 2537 presencia
1238 2487 1281 2526 et
1305 2486 1561 2529 testimonio
1588 2488 1666 2529 do-

110 2552 223 2595 mini
241 2551 497 2607 Bcrengarii
514 2552 546 2593 F
551 2551 690 2593 redoli
708 2552 986 2603 decretorum
1005 2553 1199 2596 doctoris
1215 2557 1259 2596 et
1279 2556 1477 2598 canonici
1498 2558 1666 2599 Narbo·-

111 2622 277 2669 nensis,
309 2621 481 2664 domiui
530 2621 748 2664 Johannis
775 2623 829 2664 de
858 2623 1013 2665 Penna
1038 2624 1189 2678 legum
1234 2625 1442 2675 doctoris,
1463 2629 1665 2682 magistri

25 2679 52 2751 ἀ
112 2692 345 2736 Bertrandi
372 2693 537 2735 Mathei
567 2692 775 2734 officialis
821 2684 1167 2748 Magalonensis,
1207 2696 1381 2738 domini
1411 2698 1665 2753 Raynunnli

100 2763 168 2805 vde
196 2762 333 2805 Podio
361 2762 521 2818 prioris
555 2763 742 2805 ecclesie
770 2764 824 2805 de
870 2763 1053 2811 Castris,
1085 2765 1256 2806 domIni
1287 2767 1515 2809 (juillelmi
1568 2754 1669 2810 Ῑ”’.--ι

98 2833 204 2876 'deli
231 2833 393 2888 prioris
421 2833 604 2877 ecclesie
644 2834 699 2875 de
727 2834 974 2889 Noceqens,
1025 2836 1173 2877 Poncii
1203 2837 1258 2877 «le
1287 2839 1441 2880 ons-ta
1460 2841 1512 2879 so
1538 2840 1670 2893 juns-
