2205 3299
1191 190 1235 194 e..
1271 156 1505 206 24⁴ffl'

532 267 738 324 ejusdem
759 266 968 324 Capituli,
1001 270 1325 311 escambiando
1353 283 1434 312 sen
1479 269 1783 326 permutando
1809 269 1866 312 ad
1893 267 2090 312 invicem

531 339 742 382 ecclesias
763 342 1052 387 memoratas,
1085 339 1241 382 statuit
1261 340 1306 382 iu
1336 344 1623 397 perpetuum,
1654 343 1698 383 et
1725 339 1862 382 etiam
1912 338 2091 382 ordina-

528 409 607 457 vit,
638 409 759 465 quod
787 410 905 453 dicta
927 409 1112 452 ecclesia
1140 410 1292 454 Sancti
1330 410 1448 453 Petri
1469 411 1525 454 de
1553 402 1817 466 Agant‘iuho,
1848 422 1949 451 cnm
1994 422 2092 452 om-

530 480 663 523 nibus
707 479 882 535 juribus
933 481 1041 528 suis,
1074 480 1361 536 presentibus
1388 484 1432 523 et
1483 481 1668 527 futuris,
1701 481 1759 522 ad
1803 479 2091 523 collationem

528 541 787 593 clericorum
820 551 1088 593 seculae-inm
1120 564 1302 607 semper
1328 551 1540 607 deinceps
1571 552 1699 605 plene
1751 553 1937 606 spectet,
1969 562 2092 592 eam·

528 621 633 664 «lem
659 635 686 665 a
712 622 831 664 dicta
861 636 1017 664 :neusa
1045 624 1290 677 episcopali
1318 626 1497 677 penitus.
1521 625 1730 664 «ΙιγίιῑΙι-ιις
1754 629 1788 664 cl
1830 620 2085 676 sejungmis:

587 692 640 734 Et
664 692 786 748 quod
814 692 934 734 dicta
959 692 1146 735 ecelesia
1177 692 1330 735 Sancti
1349 693 1566 736 Johannis
1593 693 1647 734 de
1676 691 1962 740 Murovctcri‚
1985 703 2090 733 cum

526 762 738 804 omnibus
765 761 942 817 juribus
970 763 1078 809 suis,
1107 763 1391 819 presentibus
1419 767 1463 806 et
1486 763 1662 810 suturis,
1692 762 1936 808 addictam
1966 773 2092 803 inen-

527 844 625 874 sam
652 832 1043 887 Magalonensium
1072 833 1388 889 episcoporum
1417 834 1641 889 present-is
1669 836 1713 874 et
1743 832 1950 874 omnium
1971 831 2092 873 futu—

525 915 694 957 roru-m,
724 916 908 958 semper
934 903 1147 959 deinceps
1176 904 1410 959 pertineat,
1443 907 1487 945 et
1517 904 1653 959 pleno
1672 902 1770 958 juro
1798 901 2090 958 debcat'per-

522 972 681 1021 tinere,
711 976 762 1015 ut
787 973 934 1016 eidem
964 987 1119 1016 mense
1146 987 1329 1016 annexa
1355 987 1434 1016 seu
1462 974 1600 1016 etiam
1638 972 1878 1029 applicat&

584 1043 637 1085 Et
662 1043 784 1099 quod
811 1043 1017 1099 ejusdem
1057 1044 1421 1086 ecclesie-Sancti
1475 1044 1655 1086 Martini
1691 1044 1749 1086 de
1796 1044 1958 1086 Tribus
2004 1042 2090 1087 viis

521 1113 618 1156 loeo
645 1116 688 1156 et
712 1114 826 1162 vice,
858 1114 978 1156 dicta
1004 1114 1192 1157 ecclesia
1219 1114 1373 1158 Sancti
1420 1115 1600 1157 Andrec
1651 1115 1706 1156 de
1733 1114 1931 1168 Cogullo,
1985 1126 2088 1156 cum

522 1184 736 1226 omnibus
761 1183 937 1239 juribus
965 1184 1058 1227 suis
1086 1185 1372 1240 presentibus
1400 1187 1444 1232 ct
1494 1176 1671 1232 tuturis}
1697 1199 1791 1227 una
1814 1198 1919 1227 cuin
1968 1184 2089 1227 dicto

523 1257 704 1297 cerione
731 1254 778 1296 in
804 1255 923 1297 dicta
944 1255 1131 1298 ecclesia
1158 1255 1310 1298 Sancti
1340 1256 1518 1298 Martini
1552 1256 1607 1297 de
1630 1255 1862 1298 Columbis
1890 1268 1970 1310 per
1997 1255 2091 1298 Ma-

524 1325 791 1380 galoncnses
825 1325 1060 1380 episcopos
1107 1326 1277 1382 percipi
1327 1329 1557 1374 consueto.
1611 1339 1749 1382 quern
1799 1328 2085 1382 quinionem,

523 1396 668 1438 dictus
696 1396 907 1438 dominus
930 1400 1182 1452 episcopus,
1213 1397 1296 1439 hoc
1319 1398 1536 1446 faciendo,
1563 1397 1709 1438 univit
1735 1399 1952 1452 perpetuo
1972 1395 2090 1439 dicte

522 1466 709 1509 ecclesie
737 1467 889 1509 Sancti
917 1468 1113 1515 Andiee,
1145 1467 1208 1510 ila
1233 1468 1353 1524 quod
1382 1463 1568 1510 unicum
1597 1467 1873 1510 beneficium
1901 1467 1975 1516 sit,
2007 1480 2088 1510 seu

522 1535 683 1579 unicus
711 1536 949 1593 prioratus,
980 1538 1039 1581 ad
1065 1538 1350 1581 collationem
1377 1539 1641 1581 clericorum
1668 1538 1941 1580 secularium
1966 1547 2086 1580 scm-

521 1619 603 1663 per
627 1607 842 1663 deinceps
869 1608 1054 1663 spectet,
1087 1612 1132 1651 et
1153 1609 1376 1664 pertineat
1402 1609 1536 1664 pleno
1561 1608 1673 1664 jurez
2026 1618 2030 1621 '

579 1678 855 1721 Proinittens
882 1679 1004 1721 idem
1031 1679 1243 1722 dominus
1294 1680 1534 1736 episcopus
1563 1679 1766 1722 scambia
1791 1692 1873 1722 seu
1902 1691 2088 1734 ρει-[ηυγ

519 1748 714 1792 tationes
741 1748 1019 1804 hujusmodi.
1052 1753 1094 1792 et
1114 1750 1269 1792 omn-ia
1290 1750 1504 1805 predicta,
1530 1764 1557 1793 a
1583 1764 1629 1793 se
1657 1752 1702 1792 et
1741 1750 1955 1793 omnibus
1983 1762 2085 1792 suc·
2138 1763 2140 1765 '

521 1819 776 1863 cessoribus
798 1819 891 1862 suis
919 1833 1101 1876 semper
1128 1821 1269 1863 teneri
1295 1834 1348 1864 ac
1374 1821 1697 1864 inviolabiliter
1716 1821 1965 1864 observari.

580 1890 879 1934 Renunciavit
905 1891 1044 1934 etiam
1094 1891 1192 1946 ipsc
1220 1892 1432 1934 dominus
1460 1892 1703 1948 episcopus
1748 1891 2002 1947 exceptioni
2029 1891 2085 1935 de

521 1961 638 2008 dolo,
670 1963 715 2003 et
739 1961 786 2002 in
813 1960 997 2009 factum.
1029 1964 1073 2003 et
1099 1962 1145 2003 in
1171 1962 1398 2017 integrum
1446 1962 1745 2005 restitutionis
1772 1962 1943 2006 auxilio
1989 1976 2104 2021 omLV

519 2030 659 2086 nique
685 2029 761 2074 alii
786 2030 926 2087 juri...
958 2045 1049 2089 quo
1074 2032 1329 2088 predicta...
1361 2033 1618 2076 valerent...
1649 2033 1803 2089 aliquo
1831 2033 1966 2076 modo
2016 2045 2088 2077 re-

519 2113 688 2144 vocari.

579 2241 633 2285 Et
664 2245 770 2286 tunc
791 2256 929 2300 super
956 2245 1141 2300 piedicti
1169 2246 1343 2288 domini
1373 2248 1643 2302 prepositus,
1668 2245 1986 2294 archidiaconi,
2015 2258 2087 2288 ar—

519 2313 845 2369 chipresbiteri,
877 2319 921 2357 et
966 2316 1136 2371 pliores
1163 2330 1454 2374 omnesque
1445 2317 1518 2359 atii
1567 2317 1896 2373 prenominati.
1929 2329 2008 2371 plo
2035 2329 2083 2359 se

519 2386 564 2426 et
588 2386 681 2427 toto
708 2385 913 2440 Capitulo
940 2387 1133 2429 Ecclesie
1160 2388 1466 2442 Magalonensi
1472 2402 1492 2430 s
1522 2387 1735 2443 predicte,
1756 2396 1980 2443 quantum
2002 2401 2083 2443 po·
2134 2383 2161 2436 -5

522 2456 718 2501 tuerunt,
738 2455 822 2498 hoc
842 2456 1160 2505 laudaverunt,
1179 2458 1548 2513 approbaverunt
1569 2462 1613 2500 et
1631 2458 1734 2500 conf
1753 2471 1871 2500 rina‘·
1886 2460 2017 2500 crunt
2035 2456 2084 2499 in
2105 2461 2113 2466 “

520 2523 638 2566 dicto
659 2525 880 2580 Capituli),
901 2528 1196 2570 concedentes
1224 2542 1305 2584 pro
1332 2529 1419 2571 hiis
1446 2529 1702 2585 specialiter
1726 2529 2131 2584 faciendis;.prc-

519 2594 750 2638 mittentes
777 2596 876 2651 ipsa
903 2600 1000 2640 rata
1026 2601 1069 2640 et
1095 2598 1231 2641 firma
1256 2612 1438 2654 semper
1463 2599 1644 2647 habere,
1675 2603 1719 2642 et
1756 2602 1910 2642 contra
1934 2599 1978 2641 in
2000 2599 2135 2642 ali-

520 2678 611 2722 quo
639 2678 730 2708 non
755 2667 924 2716 venire;
956 2668 1103 2723 sigillo
1124 2669 1260 2710 etiam
1288 2669 1482 2724 Capituli
1510 2670 1695 2725 predicti
1720 2671 1802 2712 hoc
1822 2670 2007 2725 sigillari
2035 2672 2118 2714 et

519 2736 790 2780 communiri
816 2741 1133 2781 concesserunt
1159 2739 1204 2780 in
1242 2742 1511 2794 perpetuum
1565 2739 1874 2784 testiinoniu'm
1901 2754 2080 2783 eorum-

520 2806 640 2849 dem.

2183 916 2205 1013 Ξ

2139 2181 2162 2210 3²*

2139 2261 2165 2314 λζ*

2122 2500 2154 2551 ³¹?-

2099 2799 2146 3029 ,Ξ
