2040 3404
741 216 908 260 *545
935 231 990 248 ³-

496 461 821 507 DCCCLXXVI.
853 490 905 495 -
933 465 959 506 3
985 467 1091 507 aoht
1117 464 1229 508 1293

131 605 570 643 Reconnaissance
589 605 707 642 faite
726 616 817 651 par
835 606 1013 643 Pion-e
1045 606 1104 644 de
1142 606 1357 655 Ganges,
1373 611 1535 658 jaune,
1575 613 1634 650 de

84 664 192 703 tout
211 673 268 701 ce
287 665 399 710 qu’il
417 665 541 701 tient
561 664 624 700 du
643 665 717 701 roi
738 666 861 700 dans
880 663 928 700 la
958 671 1117 718 baylie
1137 668 1196 705 de
1217 667 1396 713 Sauve.

144 804 275 846 Anno
302 803 480 847 Domini
509 805 749 850 millesimo
777 809 1086 850 ducentesimo
1132 808 1425 863 nonagesimo
1475 807 1625 854 tercio,

83 876 127 916 et
153 874 225 917 die
263 875 369 917 lune
397 879 498 931 post
524 876 689 920 festum
742 879 883 921 sancti
934 879 1052 921 Petri
1081 879 1135 921 de
1188 881 1392 933 augusto.
1447 878 1630 921 domino

81 945 289 1001 Philippo
315 959 418 1002 rege
446 946 716 990 Francorum
745 953 973 1005 regnante,
1007 949 1216 992 noverint.
1241 948 1458 995 universi.
1508 950 1627 1004 quod

83 1016 283 1059 existens
311 1017 432 1072 apud
455 1017 657 1061 Salvium
686 1033 836 1063 coram
864 1020 1201 1063 venerabilibus
1228 1022 1271 1062 et
1297 1019 1500 1061 disc-retis
1520 1019 1628 1063 viris

79 1087 276 1130 dominis
316 1088 568 1132 Guichardo
595 1090 650 1132 de
678 1091 914 1139 Mauriaco,
962 1092 1219 1146 Rostangno
1269 1091 1323 1132 de
1351 1090 1488 1132 Podio
1538 1091 1627 1133 alto

79 1157 317 1201 militibus.
348 1161 391 1202 et
417 1159 658 1203 Guillelmo
679 1161 734 1204 de
755 1162 976 1217 Nogareto
1003 1162 1151 1218 legum
1176 1160 1442 1217 professore,
1467 1161 1628 1205 comis-

78 1228 207 1272 sariis
234 1229 460 1285 deputatis
488 1245 568 1287 per
605 1232 802 1275 nobilem
830 1236 874 1276 et
930 1235 1159 1289 potentem
1189 1233 1336 1274 virum
1389 1232 1624 1275 dominum

79 1299 335 1342 Alioncium
365 1301 421 1343 de
448 1302 717 1359 Rovoyreyo
745 1303 950 1350 militem,
1000 1302 1295 1346 senescallum
1325 1302 1555 1345 Bellicadri
1585 1306 1629 1346 et

74 1371 303 1419 Nemausi.
334 1372 391 1415 ad
417 1373 727 1429 recipiendum
755 1374 1100 1429 recogniciones‚
1132 1387 1212 1429 pro
1240 1373 1423 1416 domino
1471 1377 1622 1416 nostro

7 1495 11 1499 ι
73 1455 192 1497 rege.
223 1442 429 1485 omnium
457 1443 710 1492 feudorum,
742 1444 1099 1488 retrofeudorum
1123 1446 1166 1487 et
1186 1443 1391 1486 omnium
1411 1444 1618 1489 aliorum.

72 1526 160 1568 que
187 1513 304 1556 infra
330 1514 575 1570 bayliviam
604 1517 647 1556 et
673 1515 769 1570 ejus
797 1514 982 1570 (α’ἑεΙιίν.
1008 1515 1042 1557 2
1061 1516 1195 1569 cent.)
1222 1517 1435 1558 tenentur
1460 1528 1486 1557 a
1505 1515 1622 1557 dicto

72 1584 256 1628 domino
283 1588 434 1629 nostro
460 1599 579 1641 rege,
611 1589 743 1642 prout
768 1586 823 1629 de
851 1600 1006 1629 eorum
1031 1586 1300 1629 comissione
1326 1589 1500 1628 constat
1543 1599 1623 1642 per

70 1654 282 1703 litteram,
312 1669 339 1699 a
365 1656 481 1699 dicto
523 1657 705 1700 domino
757 1657 1004 1700 senescallo
1056 1656 1288 1699 Bellicadri
1315 1659 1359 1698 et
1408 1657 1621 1700 Nemausi

70 1729 342 1775 emanaifflm
374 1726 501 1782 cujus
528 1729 656 1770 tenor
680 1727 781 1770 talis
809 1731 890 1769 est:

127 1873 356 1918 Alfoncius
377 1872 432 1914 de
459 1872 725 1928 nox-ayrayo
746 1879 844 1914 eta:
862 1870 957 1913 coir
977 1878 1022 1912 ιν)
1042 1871 1133 1914 855
1155 1886 1205 1912 en
1223 1871 1376 1912 entier.

127 2019 284 2061 Petrus
305 2019 360 2061 de
388 2017 603 2072 Agantico
618 2016 780 2072 junior.
802 2015 921 2057 filius
948 2014 1136 2056 condam
1160 2014 1277 2056 Petri
1299 2014 1354 2055 de
1383 2015 1611 2069 Agantico.

67 2090 279 2133 dominus
308 2102 386 2145 pro
414 2091 538 2144 parte
560 2088 689 2130 castri
707 2087 761 2128 (le
789 2086 961 2129 Clareto
982 2088 1023 2127 et
1040 2084 1135 2140 ejus
1158 2084 1446 2132 tenementi'‚
1466 2089 1616 2128 aucto-

66 2161 195 2204 ritate
223 2160 307 2203 sibi
335 2160 520 2215 prestita
545 2172 571 2201 a
593 2158 807 2211 magistro
838 2156 955 2198 Petri
984 2156 1037 2198 [le
1069 2153 1288 2201 Calcamh,
1321 2156 1491 2198 notario
1521 2156 1616 2199 Sal-

66 2231 144 2279 vii,
169 2234 371 2274 curatore
398 2243 495 2275 suo,
550 2228 682 2271 hodie
710 2228 795 2270 sihi
823 2228 942 2272 dato,
973 2227 1049 2282 qui
1097 2240 1283 2282 presens
1311 2230 1418 2271 erat,
1449 2226 1616 2282 juravit

67 2302 152 2345 sibi
179 2302 284 2344 dare
328 2300 582 2345 consilium,
613 2303 658 2342 et
695 2299 780 2341 sibi
809 2298 933 2340 dedit
959 2297 1285 2344 auctoritatem,
1317 2297 1393 2352 qui
1422 2297 1505 2339 fuit
1531 2298 1615 2340 sibi

65 2373 196 2416 datus
223 2374 400 2414 curator
421 2373 469 2412 ut
496 2371 672 2413 minori.
704 2369 761 2412 ad
808 2368 1064 2411 faciendum
1092 2367 1442 2423 recognitionem
1470 2368 1608 2411 infra-

65 2443 293 2499 scriptani;

123 2514 174 2557 Et
202 2513 397 2570 injuncto
448 2513 548 2560 sibi,
579 2512 714 2569 quod.
764 2511 847 2553 sub
885 2524 1001 2566 pena
1045 2509 1247 2552 omnium
1294 2509 1470 2551 illorum
1523 2524 1609 2565 que

65 2585 197 2627 habet
223 2583 339 2627 infra
358 2584 605 2640 bayliviam
640 2582 780 2625 Salvii
809 2582 904 2637 ipse
951 2581 1121 2626 Petrus.
1147 2583 1189 2622 et
1216 2579 1301 2622 sub
1328 2593 1443 2635 pena
1469 2593 1607 2635 quam

62 2656 184 2698 curia
209 2655 380 2698 domini
407 2655 545 2697 nostri
573 2654 688 2708 regis
705 2655 855 2709 posset
882 2652 1091 2706 exhigere
1118 2651 1175 2693 ab
1203 2650 1378 2697 eodem,
1408 2650 1505 2705 jure
1537 2651 1605 2692 vel

60 2726 399 2773 consuetudine,
430 2725 550 2782 quod
579 2726 689 2767 bens·
718 2727 758 2766 et
806 2723 999 2765 fideliter
1026 2723 1308 2777 recognoscat
1337 2721 1486 2762 omniu
1535 2721 1605 2763 illa

63 2798 182 2840 bona
208 2801 251 2840 et
294 2797 408 2852 jura„
439 2811 525 2851 que
573 2799 693 2837 tenet
722 2796 765 2836 in
795 2794 990 2850 lmylivin
1021 2792 1160 2834 Salvii
1190 2796 1228 2834 vl
1260 2791 1356 2846 ejus
1409 2792 1601 2832 res-sorti.

61 2869 244 2909 domino
289 2870 439 2909 nostro
466 2866 573 2921 regi,
605 2869 644 2908 el
675 2865 917 2907 servicium
946 2863 1065 2917 quod
1107 2863 1251 2904 ‹eiuvm
1282 2863 1367 2902 «lon
1390 2861 1403 2902 i
1425 2877 1463 2902 n·
1517 2863 1605 2915 rugi

225 2951 316 2981 «lert.
338 2950 378 2979 de
402 2949 475 2987 Mus:
512 2949 546 2979 T.
572 2947 614 2977 111
1339 2945 1376 2972 ου
