2107 3404
793 145 1042 189 —411—

129 267 288 298 eorum
316 266 498 310 possem
537 253 641 295 inde
681 252 829 295 facere
859 251 1095 308 publicum
1117 251 1489 300 instrumentum,
1520 255 1565 295 et
1590 251 1694 296 huie

133 325 314 381 publico
341 324 641 367 instrumento
662 323 843 378 signum
872 335 1024 366 meum
1056 322 1250 379 apposui
1274 324 1555 366 consuetum.

648 477 743 515 (Reg.
767 476 802 512 C,
825 476 884 507 rol.
922 475 981 507 207
1003 480 1038 505 ν’
1058 478 1092 507 et
1112 476 1147 513 F,
1167 475 1225 510 tol.
1248 474 1311 507 240
1329 480 1381 514 r⁴·).

601 756 815 800 DCCCXl.
849 781 901 787 -
929 757 956 799 9
981 757 1079 812 juin
1106 756 1220 800 1289

173 910 615 947 Reconnaissanee
636 910 696 946 de
716 910 964 956 plusieurs
983 911 1146 946 tem-es
1177 909 1296 947 faite
1316 910 1347 946 'a
1378 909 1597 957 l'eveque
1635 911 1695 948 de

123 969 422 1016 Maguelone
441 979 630 1005 comme
650 970 884 1016 seigneux·
904 969 964 1006 de
986 969 1209 1005 Emissae.
1654 971 1657 973 “

180 1100 396 1143 Noverint
423 1100 675 1143 universi...
700 1101 823 1157 quod
849 1114 969 1143 anno
996 1101 1054 1143 ab
1080 1099 1391 1143 incarnatione
1419 1100 1601 1144 Domini
1628 1101 1690 1144 Μο

121 1171 431 1215 ducentesim)
458 1172 763 1227 octuagesimo
786 1185 915 1219 nono,
946 1174 990 1214 et
1016 1171 1054 1213 V
1083 1171 1182 1214 idus
1209 1170 1338 1226 junii,
1370 1171 1555 1214 domino
1584 1172 1691 1214 Phi-

123 1243 247 1299 lippo
274 1256 377 1298 rege
419 1243 689 1285 Francorum
736 1245 967 1298 regnante.
1000 1256 1083 1297 ego
1134 1243 1295 1285 Petrus
1319 1241 1374 1284 de
1426 1242 1692 1286 Tornamira

119 1313 456 1361 domicellus...‚
483 1327 749 1368 recognosco
778 1313 921 1360 vobis,
954 1313 1140 1357 domino
1167 1313 1298 1355 Petro
1326 1313 1382 1356 de
1437 1313 1688 1363 Viridario‚

122 1385 369 1428 castellano
396 1384 779 1431 Montisferrandi‚
822 1384 1100 1439 procuratori
1127 1383 1403 1426 venerabilis
1433 1383 1475 1424 in
1517 1384 1694 1428 Christo

121 1455 263 1512 patris
289 1455 461 1498 domini
507 1455 776 1510 Berengarii.
808 1454 965 1497 divina
1014 1454 1306 1497 miseratione
1351 1454 1689 1508 Magalonensis

123 1526 341 1582 episcopi,
396 1526 665 1582 comitisque
693 1525 894 1580 Melgorii
940 1529 985 1568 et
1010 1525 1184 1567 domini
1229 1524 1611 1569 Montisferrandi.
1641 1539 1695 1568 ac

124 1597 268 1640 eciam
296 1596 468 1639 domini
490 1596 625 1640 castri
652 1597 707 1639 de
759 1595 993 1644 Brissiaco‚
1024 1596 1197 1639 ratione
1224 1595 1498 1639 venditionis
1543 1596 1692 1640 eidem

125 1667 311 1711 domino
344 1667 557 1723 episcopo
586 1667 699 1710 facte
728 1681 809 1722 per
834 1667 1055 1710 illustrem
1102 1666 1338 1710 dominum
1366 1667 1577 1709 comitem
1605 1667 1693 1710 Ru-

122 1738 407 1785 thenensem,
439 1738 494 1780 de
522 1740 614 1781 toto
641 1751 723 1781 suo
750 1742 895 1781 castro
922 1738 976 1780 de
1025 1737 1259 1785 Brissiaco‚
1292 1740 1335 1780 et
1362 1736 1459 1792 ejus
1505 1737 1694 1780 manda-

123 1811 275 1851 mento
302 1811 346 1851 et
389 1808 610 1857 districtu,
640 1809 770 1851 vobis
812 1808 929 1851 dicto
957 1808 1143 1851 domino
1195 1808 1339 1856 Petro,
1370 1807 1602 1864 recipienti
1650 1810 1694 1851 et

122 1879 357 1934 stipulanti
386 1893 464 1935 pro
492 1879 591 1934 ipso
618 1879 804 1922 domino
830 1880 1044 1935 episcopo
1068 1882 1111 1921 et
1132 1878 1229 1934 ejus
1258 1878 1457 1927 nomine,
1494 1892 1593 1922 mee
1616 1881 1693 1933 (22-

122 1954 214 2002 me)
243 1953 286 1992 et
315 1963 438 1993 meos
467 1953 567 2006 post
595 1963 666 1992 me
689 1954 841 1993 tenere
870 1949 1057 1992 reddere
1087 1949 1235 1992 eidem
1263 1949 1447 1992 domino
1481 1949 1692 2005 episcopo

121 2025 165 2063 et
192 2020 300 2063 suis,
326 2021 498 2063 ratione
527 2020 632 2063 dicti
655 2021 787 2063 castri
815 2021 870 2062 de
914 2020 1156 2064 BrissiaCO.
1205 2020 1497 2062 medietatem
1544 2020 1693 2077 quinti

120 2095 166 2133 et
186 2092 447 2147 :plin'orum
476 2091 599 2133 omni
620 2105 678 2133 1·n
709 2092 763 2133 sle
793 2092 1004 2147 quatiam
1033 2091 1320 2139 condamina,
1351 2091 1470 2133 etde
1492 2091 1693 2148 quodam

124 2165 250 2215 prata
278 2162 525 2204 oxistmciu
579 2162 621 2203 in
651 2162 746 2204 loc)
787 2165 948 2204 vocato
979 2176 1006 2204 α
1037 2161 1082 2204 la
1127 2161 1274 2209 Mala,
1315 2161 1441 2204 etde
1492 2162 1692 2217 quadam

124 2233 247 2286 pocia
277 2236 390 2274 torn»
419 2233 501 2275 silc
530 2248 556 2274 a
584 2232 627 2274 la
655 2233 739 2289 fon
767 2232 822 2274 de
861 2231 974 2281 Gru,
1006 2236 1051 2275 et
1077 2233 1132 2275 de
1172 2232 1369 2288 quadam
1399 2233 1525 2287 pecia
1577 2235 1691 2274 terre

120 2303 356 2345 oliv-aretio
397 2303 479 2345 site
529 2317 579 2358 pr
599 2317 665 2358 xpe
717 2304 884 2346 dictam
939 2303 1276 2350 condaminam,
1319 2306 1363 2344 et
1388 2302 1443 2344 de
1489 2302 1689 2359 quadam

119 2374 211 2416 alia
258 2374 383 2429 pccia
425 2377 537 2416 terre
590 2375 675 2416 cite
704 2376 779 2425 (z
796 2374 899 2429 site)
950 2387 1087 2429 prope
1139 2373 1307 2416 dictam
1351 2372 1687 2421 condaminam.

74 2477 82 2482 „
121 2445 230 2486 item
275 2444 417 2487 eciam
446 2444 502 2487 de
530 2445 729 2501 quadam
752 2445 842 2487 ulia
887 2445 1013 2500 pecia
1040 2447 1156 2487 terre
1186 2447 1345 2487 vocata
1375 2442 1420 2486 la
1452 2443 1691 2486 Verinacca

120 2515 435 2569 (zVinassa).

180 2585 274 2636 Que
300 2586 488 2642 quidem
514 2587 788 2629 condamina
814 2589 859 2628 et
886 2589 1071 2642 pratum
1099 2587 1447 2629 confrontantur
1471 2600 1574 2629 cum
1602 2587 1687 2628 flu-

128 2655 248 2698 mine
278 2656 409 2698 Eravi
437 2660 603 2699 etcum
633 2658 708 2700 via
734 2671 825 2713 qua
859 2657 950 2699 itur
976 2671 1136 2700 versus
1174 2657 1369 2713 Aqones.
1403 2658 1455 2700 Et
1499 2657 1576 2699 illa
1600 2671 1689 2713 que

122 2728 194 2769 est
220 2726 276 2769 ad
307 2726 481 2770 fontem
510 2726 588 2769 del
614 2726 724 2776 Gru,
770 2727 1083 2770 contronialur
1107 2741 1208 2770 cum
1239 2728 1368 2770 ieri-is
1394 2728 1445 2770 G.
1477 2728 1532 2769 dr
1555 2728 1685 2774 Villa,

120 2799 167 2838 et
191 2809 294 2838 cum
324 2797 492 2839 vallato
520 2797 601 2839 del
628 2797 739 2840 Gru:
764 2798 883 2839 dicta
913 2812 1020 2839 vero
1048 2796 1217 2840 oliiveta
1245 2797 1557 2840 confronlalnr
1588 2811 1687 2839 rum
