<?xml version="1.0" encoding="UTF-8"?>
<!DOCTYPE html PUBLIC "-//W3C//DTD XHTML 1.0 Transitional//EN"
    "http://www.w3.org/TR/xhtml1/DTD/xhtml1-transitional.dtd">
<html xmlns="http://www.w3.org/1999/xhtml" xml:lang="en" lang="en">
 <head>
  <title>
</title>
<meta http-equiv="Content-Type" content="text/html;charset=utf-8" />
  <meta name='ocr-system' content='tesseract 3.04.00' />
  <meta name='ocr-capabilities' content='ocr_page ocr_carea ocr_par ocr_line ocrx_word'/>
</head>
<body>
  <div class='ocr_page' id='page_1' title='image "./cartulairedemagu03cathuoft_0898.png"; bbox 0 0 1991 3279; ppageno 0'>
   <div class='ocr_carea' id='block_1_1' title="bbox 1000 320 1246 363">
    <p class='ocr_par' dir='ltr' id='par_1_1' title="bbox 1000 320 1246 363">
     <span class='ocr_line' id='line_1_1' title="bbox 1000 320 1246 363; baseline 0 0"><span class='ocrx_word' id='word_1_1' title='bbox 1000 320 1246 363; x_wconf 80' lang='lat'>-886-</span> 
     </span>
    </p>
   </div>
   <div class='ocr_carea' id='block_1_2' title="bbox 342 428 1956 2197">
    <p class='ocr_par' dir='ltr' id='par_1_2' title="bbox 342 428 1910 1200">
     <span class='ocr_line' id='line_1_2' title="bbox 349 428 1902 483; baseline -0.004 -7"><span class='ocrx_word' id='word_1_2' title='bbox 349 432 529 476; x_wconf 82' lang='lat' dir='ltr'>tradidit</span> <span class='ocrx_word' id='word_1_3' title='bbox 556 434 593 473; x_wconf 79' lang='lat' dir='ltr'>et</span> <span class='ocrx_word' id='word_1_4' title='bbox 625 429 803 472; x_wconf 80' lang='lat' dir='ltr'>obtulit.</span> <span class='ocrx_word' id='word_1_5' title='bbox 842 431 890 471; x_wconf 86' lang='lat' dir='ltr'>ut</span> <span class='ocrx_word' id='word_1_6' title='bbox 912 429 1121 483; x_wconf 84' lang='lat' dir='ltr'>superius</span> <span class='ocrx_word' id='word_1_7' title='bbox 1149 431 1218 470; x_wconf 90' lang='lat' dir='ltr'>est</span> <span class='ocrx_word' id='word_1_8' title='bbox 1243 441 1529 483; x_wconf 75' lang='lat' dir='ltr'>expressum,</span> <span class='ocrx_word' id='word_1_9' title='bbox 1562 428 1733 470; x_wconf 81' lang='lat' dir='ltr'>ratione</span> <span class='ocrx_word' id='word_1_10' title='bbox 1783 442 1902 471; x_wconf 89' lang='lat' dir='ltr'>reco-</span> 
     </span>
     <span class='ocr_line' id='line_1_3' title="bbox 342 499 1900 559; baseline -0.003 -13"><span class='ocrx_word' id='word_1_11' title='bbox 342 503 556 559; x_wconf 80' lang='lat' dir='ltr'>gnitionis</span> <span class='ocrx_word' id='word_1_12' title='bbox 584 501 787 544; x_wconf 74' lang='lat' dir='ltr'>dominii.</span> <span class='ocrx_word' id='word_1_13' title='bbox 821 499 1027 542; x_wconf 81' lang='lat' dir='ltr'>senhorie</span> <span class='ocrx_word' id='word_1_14' title='bbox 1057 513 1136 541; x_wconf 84' lang='lat' dir='ltr'>seu</span> <span class='ocrx_word' id='word_1_15' title='bbox 1162 499 1487 555; x_wconf 78' lang='lat' dir='ltr'>jurisdictionis</span> <span class='ocrx_word' id='word_1_16' title='bbox 1515 500 1665 541; x_wconf 83' lang='lat' dir='ltr'>debite</span> <span class='ocrx_word' id='word_1_17' title='bbox 1693 499 1740 541; x_wconf 88' lang='lat' dir='ltr'>in</span> <span class='ocrx_word' id='word_1_18' title='bbox 1787 500 1900 543; x_wconf 87' lang='lat' dir='ltr'>mari</span> 
     </span>
     <span class='ocr_line' id='line_1_4' title="bbox 347 570 1894 630; baseline -0.003 -12"><span class='ocrx_word' id='word_1_19' title='bbox 347 576 542 630; x_wconf 73' lang='lat' dir='ltr'>predicto</span> <span class='ocrx_word' id='word_1_20' title='bbox 593 572 779 614; x_wconf 80' lang='lat' dir='ltr'>domino</span> <span class='ocrx_word' id='word_1_21' title='bbox 832 571 1042 626; x_wconf 86' lang='lat' dir='ltr'>episcopo</span> <span class='ocrx_word' id='word_1_22' title='bbox 1089 570 1363 625; x_wconf 80' lang='lat' dir='ltr'>supradicto.</span> <span class='ocrx_word' id='word_1_23' title='bbox 1418 584 1535 618; x_wconf 72' lang='lat' dir='ltr'>cuin.v</span> <span class='ocrx_word' id='word_1_24' title='bbox 1569 573 1617 611; x_wconf 90' lang='lat' dir='ltr'>ut</span> <span class='ocrx_word' id='word_1_25' title='bbox 1666 571 1894 621; x_wconf 86' lang='lat' dir='ltr'>asseritur,</span> 
     </span>
     <span class='ocr_line' id='line_1_5' title="bbox 343 642 1900 698; baseline -0.002 -10"><span class='ocrx_word' id='word_1_26' title='bbox 343 660 502 688; x_wconf 86' lang='lat' dir='ltr'>omnes</span> <span class='ocrx_word' id='word_1_27' title='bbox 530 648 573 686; x_wconf 87' lang='lat' dir='ltr'>ct</span> <span class='ocrx_word' id='word_1_28' title='bbox 600 643 765 695; x_wconf 60' lang='lat' dir='ltr'>singuli</span> <span class='ocrx_word' id='word_1_29' title='bbox 796 643 906 684; x_wconf 83' lang='lat' dir='ltr'>tales</span> <span class='ocrx_word' id='word_1_30' title='bbox 935 642 1080 697; x_wconf 79' lang='lat' dir='ltr'>pisces</span> <span class='ocrx_word' id='word_1_31' title='bbox 1111 642 1259 683; x_wconf 78' lang='lat' dir='ltr'>taliter</span> <span class='ocrx_word' id='word_1_32' title='bbox 1286 642 1520 684; x_wconf 85' lang='lat' dir='ltr'>nominati.</span> <span class='ocrx_word' id='word_1_33' title='bbox 1576 642 1900 698; x_wconf 82' lang='lat' dir='ltr'>cujuscumque</span> 
     </span>
     <span class='ocr_line' id='line_1_6' title="bbox 347 713 1910 771; baseline -0.003 -12"><span class='ocrx_word' id='word_1_34' title='bbox 347 715 670 771; x_wconf 77' lang='lat' dir='ltr'>magnitudinis</span> <span class='ocrx_word' id='word_1_35' title='bbox 722 728 799 756; x_wconf 86' lang='lat' dir='ltr'>sen</span> <span class='ocrx_word' id='word_1_36' title='bbox 847 713 1112 768; x_wconf 80' lang='lat' dir='ltr'>quantitatis</span> <span class='ocrx_word' id='word_1_37' title='bbox 1159 713 1370 755; x_wconf 75' lang='lat' dir='ltr'>existant.</span> <span class='ocrx_word' id='word_1_38' title='bbox 1426 713 1503 768; x_wconf 76' lang='lat' dir='ltr'>qui</span> <span class='ocrx_word' id='word_1_39' title='bbox 1550 713 1591 755; x_wconf 94' lang='lat' dir='ltr'>in</span> <span class='ocrx_word' id='word_1_40' title='bbox 1620 713 1737 756; x_wconf 87' lang='lat' dir='ltr'>dicto</span> <span class='ocrx_word' id='word_1_41' title='bbox 1788 714 1910 756; x_wconf 86' lang='lat' dir='ltr'>mari-</span> 
     </span>
     <span class='ocr_line' id='line_1_7' title="bbox 343 785 1902 843; baseline -0.003 -12"><span class='ocrx_word' id='word_1_42' title='bbox 343 788 461 843; x_wconf 86' lang='lat' dir='ltr'>capti</span> <span class='ocrx_word' id='word_1_43' title='bbox 489 787 670 833; x_wconf 75' lang='lat' dir='ltr'>fuerint,</span> <span class='ocrx_word' id='word_1_44' title='bbox 702 789 746 827; x_wconf 87' lang='lat' dir='ltr'>et</span> <span class='ocrx_word' id='word_1_45' title='bbox 797 785 938 826; x_wconf 74' lang='lat' dir='ltr'>eciam</span> <span class='ocrx_word' id='word_1_46' title='bbox 969 785 1010 825; x_wconf 91' lang='lat' dir='ltr'>in</span> <span class='ocrx_word' id='word_1_47' title='bbox 1042 787 1132 826; x_wconf 81' lang='lat' dir='ltr'>toto</span> <span class='ocrx_word' id='word_1_48' title='bbox 1162 785 1275 826; x_wconf 87' lang='lat' dir='ltr'>mari</span> <span class='ocrx_word' id='word_1_49' title='bbox 1326 798 1353 826; x_wconf 82' lang='lat' dir='ltr'>a</span> <span class='ocrx_word' id='word_1_50' title='bbox 1381 785 1514 839; x_wconf 81' lang='lat' dir='ltr'>podio</span> <span class='ocrx_word' id='word_1_51' title='bbox 1542 785 1646 826; x_wconf 86' lang='lat' dir='ltr'>Cete</span> <span class='ocrx_word' id='word_1_52' title='bbox 1673 798 1818 841; x_wconf 89' lang='lat' dir='ltr'>usque</span> <span class='ocrx_word' id='word_1_53' title='bbox 1845 785 1902 828; x_wconf 86' lang='lat' dir='ltr'>ad</span> 
     </span>
     <span class='ocr_line' id='line_1_8' title="bbox 343 856 1904 914; baseline -0.001 -13"><span class='ocrx_word' id='word_1_54' title='bbox 343 863 515 901; x_wconf 81' lang='lat' dir='ltr'>motam</span> <span class='ocrx_word' id='word_1_55' title='bbox 544 859 598 900; x_wconf 74' lang='lat' dir='ltr'>(le</span> <span class='ocrx_word' id='word_1_56' title='bbox 631 856 864 914; x_wconf 69' lang='lat' dir='ltr'>Coyciens,</span> <span class='ocrx_word' id='word_1_57' title='bbox 896 856 1066 898; x_wconf 82' lang='lat' dir='ltr'>ratione</span> <span class='ocrx_word' id='word_1_58' title='bbox 1089 856 1279 897; x_wconf 77' lang='lat' dir='ltr'>dominii</span> <span class='ocrx_word' id='word_1_59' title='bbox 1308 869 1387 897; x_wconf 92' lang='lat' dir='ltr'>seu</span> <span class='ocrx_word' id='word_1_60' title='bbox 1415 856 1738 910; x_wconf 75' lang='lat' dir='ltr'>jurisdictionis</span> <span class='ocrx_word' id='word_1_61' title='bbox 1755 857 1904 911; x_wconf 81' lang='lat' dir='ltr'>Maga-</span> 
     </span>
     <span class='ocr_line' id='line_1_9' title="bbox 344 927 1904 982; baseline -0.002 -10"><span class='ocrx_word' id='word_1_62' title='bbox 344 930 544 973; x_wconf 79' lang='lat' dir='ltr'>ionensis</span> <span class='ocrx_word' id='word_1_63' title='bbox 573 929 783 975; x_wconf 73' lang='lat' dir='ltr'>Ecclesie,</span> <span class='ocrx_word' id='word_1_64' title='bbox 814 928 868 970; x_wconf 63' lang='lat' dir='ltr'>ati</span> <span class='ocrx_word' id='word_1_65' title='bbox 899 927 1070 969; x_wconf 84' lang='lat' dir='ltr'>dictum</span> <span class='ocrx_word' id='word_1_66' title='bbox 1100 927 1335 968; x_wconf 76' lang='lat' dir='ltr'>dominum</span> <span class='ocrx_word' id='word_1_67' title='bbox 1366 927 1628 982; x_wconf 71' lang='lat' dir='ltr'>episcopum</span> <span class='ocrx_word' id='word_1_68' title='bbox 1652 931 1696 970; x_wconf 88' lang='lat' dir='ltr'>et</span> <span class='ocrx_word' id='word_1_69' title='bbox 1721 929 1778 970; x_wconf 81' lang='lat' dir='ltr'>ad</span> <span class='ocrx_word' id='word_1_70' title='bbox 1799 941 1904 970; x_wconf 88' lang='lat' dir='ltr'>suos</span> 
     </span>
     <span class='ocr_line' id='line_1_10' title="bbox 347 998 1907 1055; baseline -0.002 -11"><span class='ocrx_word' id='word_1_71' title='bbox 347 1014 627 1044; x_wconf 82' lang='lat' dir='ltr'>successores</span> <span class='ocrx_word' id='word_1_72' title='bbox 683 999 935 1055; x_wconf 80' lang='lat' dir='ltr'>pertineant</span> <span class='ocrx_word' id='word_1_73' title='bbox 979 1001 1022 1040; x_wconf 86' lang='lat' dir='ltr'>et</span> <span class='ocrx_word' id='word_1_74' title='bbox 1060 998 1284 1053; x_wconf 84' lang='lat' dir='ltr'>pertinere</span> <span class='ocrx_word' id='word_1_75' title='bbox 1337 999 1534 1040; x_wconf 83' lang='lat' dir='ltr'>debcant</span> <span class='ocrx_word' id='word_1_76' title='bbox 1559 999 1695 1053; x_wconf 89' lang='lat' dir='ltr'>pleno</span> <span class='ocrx_word' id='word_1_77' title='bbox 1720 999 1832 1053; x_wconf 83' lang='lat' dir='ltr'>jure,</span> <span class='ocrx_word' id='word_1_78' title='bbox 1863 1003 1907 1042; x_wconf 87' lang='lat' dir='ltr'>et</span> 
     </span>
     <span class='ocr_line' id='line_1_11' title="bbox 345 1069 1905 1126; baseline 0.001 -14"><span class='ocrx_word' id='word_1_79' title='bbox 345 1075 496 1115; x_wconf 79' lang='lat' dir='ltr'>eidem</span> <span class='ocrx_word' id='word_1_80' title='bbox 517 1072 701 1114; x_wconf 85' lang='lat' dir='ltr'>domino</span> <span class='ocrx_word' id='word_1_81' title='bbox 723 1070 934 1126; x_wconf 87' lang='lat' dir='ltr'>episcopo</span> <span class='ocrx_word' id='word_1_82' title='bbox 956 1083 1033 1111; x_wconf 87' lang='lat' dir='ltr'>seu</span> <span class='ocrx_word' id='word_1_83' title='bbox 1057 1070 1150 1112; x_wconf 88' lang='lat' dir='ltr'>suis</span> <span class='ocrx_word' id='word_1_84' title='bbox 1171 1069 1553 1124; x_wconf 75' lang='lat' dir='ltr'>procuratoribus,</span> <span class='ocrx_word' id='word_1_85' title='bbox 1584 1070 1905 1125; x_wconf 77' lang='lat' dir='ltr'>recipientibus</span> 
     </span>
     <span class='ocr_line' id='line_1_12' title="bbox 348 1141 1136 1200; baseline -0.006 -13"><span class='ocrx_word' id='word_1_86' title='bbox 348 1159 428 1200; x_wconf 82' lang='lat' dir='ltr'>pro</span> <span class='ocrx_word' id='word_1_87' title='bbox 457 1144 630 1191; x_wconf 85' lang='lat' dir='ltr'>eodem,</span> <span class='ocrx_word' id='word_1_88' title='bbox 665 1142 864 1196; x_wconf 78' lang='lat' dir='ltr'>legitime</span> <span class='ocrx_word' id='word_1_89' title='bbox 893 1141 1136 1196; x_wconf 84' lang='lat' dir='ltr'>apportari.</span> 
     </span>
    </p>

    <p class='ocr_par' dir='ltr' id='par_1_3' title="bbox 344 1201 1956 2197">
     <span class='ocr_line' id='line_1_13' title="bbox 409 1201 1904 1268; baseline -0.001 -11"><span class='ocrx_word' id='word_1_90' title='bbox 409 1217 459 1258; x_wconf 80' lang='lat' dir='ltr'>Et</span> <span class='ocrx_word' id='word_1_91' title='bbox 481 1213 791 1260; x_wconf 72' lang='lat' dir='ltr'>incontinenti,</span> <span class='ocrx_word' id='word_1_92' title='bbox 823 1213 1050 1268; x_wconf 82' lang='lat' dir='ltr'>predictus</span> <span class='ocrx_word' id='word_1_93' title='bbox 1078 1213 1289 1254; x_wconf 81' lang='lat' dir='ltr'>dominus</span> <span class='ocrx_word' id='word_1_94' title='bbox 1312 1212 1507 1267; x_wconf 79' lang='lat' dir='ltr'>bajulus,</span> <span class='ocrx_word' id='word_1_95' title='bbox 1538 1201 1708 1255; x_wconf 75' lang='lat' dir='ltr'>dictum</span> <span class='ocrx_word' id='word_1_96' title='bbox 1736 1213 1904 1268; x_wconf 80' lang='lat' dir='ltr'>piscem</span> 
     </span>
     <span class='ocr_line' id='line_1_14' title="bbox 352 1284 1901 1340; baseline -0.002 -11"><span class='ocrx_word' id='word_1_97' title='bbox 352 1301 429 1329; x_wconf 85' lang='lat' dir='ltr'>seu</span> <span class='ocrx_word' id='word_1_98' title='bbox 460 1287 625 1328; x_wconf 81' lang='lat' dir='ltr'>dictam</span> <span class='ocrx_word' id='word_1_99' title='bbox 654 1284 880 1327; x_wconf 81' lang='lat' dir='ltr'>aserniani</span> <span class='ocrx_word' id='word_1_100' title='bbox 909 1284 1092 1326; x_wconf 86' lang='lat' dir='ltr'>nomine</span> <span class='ocrx_word' id='word_1_101' title='bbox 1121 1284 1364 1338; x_wconf 83' lang='lat' dir='ltr'>episcopali</span> <span class='ocrx_word' id='word_1_102' title='bbox 1394 1298 1483 1338; x_wconf 78' lang='lat' dir='ltr'>qno</span> <span class='ocrx_word' id='word_1_103' title='bbox 1499 1298 1635 1339; x_wconf 88' lang='lat' dir='ltr'>supra</span> <span class='ocrx_word' id='word_1_104' title='bbox 1667 1284 1901 1340; x_wconf 85' lang='lat' dir='ltr'>recipiens,</span> 
     </span>
     <span class='ocr_line' id='line_1_15' title="bbox 344 1355 1907 1410; baseline 0 -12"><span class='ocrx_word' id='word_1_105' title='bbox 344 1371 485 1400; x_wconf 73' lang='lat' dir='ltr'>causa</span> <span class='ocrx_word' id='word_1_106' title='bbox 512 1371 592 1399; x_wconf 90' lang='lat' dir='ltr'>seu</span> <span class='ocrx_word' id='word_1_107' title='bbox 618 1356 792 1398; x_wconf 87' lang='lat' dir='ltr'>ratione</span> <span class='ocrx_word' id='word_1_108' title='bbox 820 1355 1029 1410; x_wconf 83' lang='lat' dir='ltr'>superius</span> <span class='ocrx_word' id='word_1_109' title='bbox 1081 1355 1373 1409; x_wconf 71' lang='lat' dir='ltr'>expressatis,</span> <span class='ocrx_word' id='word_1_110' title='bbox 1408 1355 1645 1410; x_wconf 81' lang='lat' dir='ltr'>requisivit</span> <span class='ocrx_word' id='word_1_111' title='bbox 1672 1369 1743 1398; x_wconf 87' lang='lat' dir='ltr'>me</span> <span class='ocrx_word' id='word_1_112' title='bbox 1783 1358 1907 1398; x_wconf 86' lang='lat' dir='ltr'>nota-</span> 
     </span>
     <span class='ocr_line' id='line_1_16' title="bbox 347 1426 1908 1483; baseline -0.001 -12"><span class='ocrx_word' id='word_1_113' title='bbox 347 1430 466 1471; x_wconf 86' lang='lat' dir='ltr'>riuin</span> <span class='ocrx_word' id='word_1_114' title='bbox 494 1428 845 1483; x_wconf 76' lang='lat' dir='ltr'>infrascriptum</span> <span class='ocrx_word' id='word_1_115' title='bbox 881 1430 930 1468; x_wconf 92' lang='lat' dir='ltr'>ut</span> <span class='ocrx_word' id='word_1_116' title='bbox 956 1427 1011 1468; x_wconf 88' lang='lat' dir='ltr'>de</span> <span class='ocrx_word' id='word_1_117' title='bbox 1050 1426 1288 1468; x_wconf 74' lang='lat' dir='ltr'>traditione</span> <span class='ocrx_word' id='word_1_118' title='bbox 1335 1426 1441 1468; x_wconf 80' lang='lat' dir='ltr'>dicti</span> <span class='ocrx_word' id='word_1_119' title='bbox 1462 1426 1595 1481; x_wconf 89' lang='lat' dir='ltr'>piscis</span> <span class='ocrx_word' id='word_1_120' title='bbox 1617 1429 1660 1469; x_wconf 81' lang='lat' dir='ltr'>et</span> <span class='ocrx_word' id='word_1_121' title='bbox 1698 1431 1908 1483; x_wconf 81' lang='lat' dir='ltr'>apporta-</span> 
     </span>
     <span class='ocr_line' id='line_1_17' title="bbox 351 1498 1909 1555; baseline -0.002 -12"><span class='ocrx_word' id='word_1_122' title='bbox 351 1502 470 1543; x_wconf 86' lang='lat' dir='ltr'>tione</span> <span class='ocrx_word' id='word_1_123' title='bbox 499 1500 720 1555; x_wconf 78' lang='lat' dir='ltr'>ejusdem,</span> <span class='ocrx_word' id='word_1_124' title='bbox 754 1512 926 1541; x_wconf 83' lang='lat' dir='ltr'>necnon</span> <span class='ocrx_word' id='word_1_125' title='bbox 954 1498 1073 1540; x_wconf 80' lang='lat' dir='ltr'>etde</span> <span class='ocrx_word' id='word_1_126' title='bbox 1101 1498 1312 1539; x_wconf 86' lang='lat' dir='ltr'>omnibns</span> <span class='ocrx_word' id='word_1_127' title='bbox 1341 1501 1384 1539; x_wconf 86' lang='lat' dir='ltr'>et</span> <span class='ocrx_word' id='word_1_128' title='bbox 1409 1498 1601 1553; x_wconf 82' lang='lat' dir='ltr'>singulis</span> <span class='ocrx_word' id='word_1_129' title='bbox 1629 1500 1909 1554; x_wconf 83' lang='lat' dir='ltr'>suprascrip-</span> 
     </span>
     <span class='ocr_line' id='line_1_18' title="bbox 349 1570 1903 1624; baseline -0.001 -10"><span class='ocrx_word' id='word_1_130' title='bbox 349 1574 403 1614; x_wconf 85' lang='lat' dir='ltr'>tis</span> <span class='ocrx_word' id='word_1_131' title='bbox 417 1572 501 1615; x_wconf 73' lang='lat' dir='ltr'>sibi</span> <span class='ocrx_word' id='word_1_132' title='bbox 520 1572 719 1614; x_wconf 79' lang='lat' dir='ltr'>facerem</span> <span class='ocrx_word' id='word_1_133' title='bbox 760 1571 816 1612; x_wconf 85' lang='lat' dir='ltr'>ad</span> <span class='ocrx_word' id='word_1_134' title='bbox 834 1573 1036 1612; x_wconf 85' lang='lat' dir='ltr'>eternam</span> <span class='ocrx_word' id='word_1_135' title='bbox 1072 1570 1342 1611; x_wconf 78' lang='lat' dir='ltr'>memoriam</span> <span class='ocrx_word' id='word_1_136' title='bbox 1367 1570 1601 1624; x_wconf 82' lang='lat' dir='ltr'>publicum</span> <span class='ocrx_word' id='word_1_137' title='bbox 1629 1570 1903 1612; x_wconf 86' lang='lat' dir='ltr'>instrumen-</span> 
     </span>
     <span class='ocr_line' id='line_1_19' title="bbox 347 1641 1956 1698; baseline -0.001 -13"><span class='ocrx_word' id='word_1_138' title='bbox 347 1648 458 1692; x_wconf 85' lang='lat' dir='ltr'>tuin,</span> <span class='ocrx_word' id='word_1_139' title='bbox 480 1644 525 1684; x_wconf 92' lang='lat' dir='ltr'>in</span> <span class='ocrx_word' id='word_1_140' title='bbox 552 1642 780 1698; x_wconf 82' lang='lat' dir='ltr'>presentia</span> <span class='ocrx_word' id='word_1_141' title='bbox 796 1645 840 1683; x_wconf 88' lang='lat' dir='ltr'>et</span> <span class='ocrx_word' id='word_1_142' title='bbox 854 1641 1114 1683; x_wconf 86' lang='lat' dir='ltr'>testimonio</span> <span class='ocrx_word' id='word_1_143' title='bbox 1149 1642 1445 1683; x_wconf 77' lang='lat' dir='ltr'>discretorum</span> <span class='ocrx_word' id='word_1_144' title='bbox 1474 1643 1672 1684; x_wconf 79' lang='lat' dir='ltr'>virorum</span> <span class='ocrx_word' id='word_1_145' title='bbox 1700 1641 1906 1684; x_wconf 90' lang='lat' dir='ltr'>domino-</span> <span class='ocrx_word' id='word_1_146' title='bbox 1953 1668 1956 1672; x_wconf 90' lang='lat'><em>-</em></span> 
     </span>
     <span class='ocr_line' id='line_1_20' title="bbox 346 1712 1908 1767; baseline -0.001 -11"><span class='ocrx_word' id='word_1_147' title='bbox 346 1729 446 1757; x_wconf 88' lang='lat' dir='ltr'>rum</span> <span class='ocrx_word' id='word_1_148' title='bbox 473 1715 588 1756; x_wconf 82' lang='lat' dir='ltr'>Petri</span> <span class='ocrx_word' id='word_1_149' title='bbox 629 1713 767 1755; x_wconf 82' lang='lat' dir='ltr'>Piscis</span> <span class='ocrx_word' id='word_1_150' title='bbox 790 1713 942 1767; x_wconf 82' lang='lat' dir='ltr'>legum</span> <span class='ocrx_word' id='word_1_151' title='bbox 982 1712 1191 1754; x_wconf 85' lang='lat' dir='ltr'>doctoris.</span> <span class='ocrx_word' id='word_1_152' title='bbox 1217 1712 1378 1767; x_wconf 81' lang='lat' dir='ltr'>judicis</span> <span class='ocrx_word' id='word_1_153' title='bbox 1408 1713 1754 1767; x_wconf 83' lang='lat' dir='ltr'>Magalonensis‚</span> <span class='ocrx_word' id='word_1_154' title='bbox 1786 1713 1908 1755; x_wconf 84' lang='lat' dir='ltr'>Guil-</span> 
     </span>
     <span class='ocr_line' id='line_1_21' title="bbox 348 1783 1906 1840; baseline -0.001 -12"><span class='ocrx_word' id='word_1_155' title='bbox 348 1786 472 1829; x_wconf 79' lang='grc' dir='ltr'><strong>10111ιί</strong></span> <span class='ocrx_word' id='word_1_156' title='bbox 495 1785 668 1828; x_wconf 79' lang='lat' dir='ltr'>Revelli</span> <span class='ocrx_word' id='word_1_157' title='bbox 706 1784 968 1839; x_wconf 74' lang='lat' dir='ltr'>jurisperiti,</span> <span class='ocrx_word' id='word_1_158' title='bbox 994 1784 1113 1825; x_wconf 87' lang='lat' dir='ltr'>Petri</span> <span class='ocrx_word' id='word_1_159' title='bbox 1159 1783 1283 1825; x_wconf 86' lang='lat' dir='ltr'>Palla</span> <span class='ocrx_word' id='word_1_160' title='bbox 1309 1784 1463 1840; x_wconf 67' lang='lat' dir='ltr'>gaylhi</span> <span class='ocrx_word' id='word_1_161' title='bbox 1486 1784 1669 1827; x_wconf 88' lang='lat' dir='ltr'>rectoris</span> <span class='ocrx_word' id='word_1_162' title='bbox 1723 1784 1906 1827; x_wconf 83' lang='lat' dir='ltr'>ecclesie</span> 
     </span>
     <span class='ocr_line' id='line_1_22' title="bbox 348 1855 1904 1905; baseline -0.001 -6"><span class='ocrx_word' id='word_1_163' title='bbox 348 1859 402 1899; x_wconf 74' lang='lat' dir='ltr'>[lc</span> <span class='ocrx_word' id='word_1_164' title='bbox 431 1857 677 1905; x_wconf 60' lang='lat' dir='ltr'>Montium,</span> <span class='ocrx_word' id='word_1_165' title='bbox 709 1855 892 1897; x_wconf 86' lang='lat' dir='ltr'>Duranti</span> <span class='ocrx_word' id='word_1_166' title='bbox 929 1856 983 1897; x_wconf 84' lang='lat' dir='ltr'>de</span> <span class='ocrx_word' id='word_1_167' title='bbox 1030 1855 1191 1896; x_wconf 81' lang='lat' dir='ltr'>Tieura</span> <span class='ocrx_word' id='word_1_168' title='bbox 1218 1855 1450 1897; x_wconf 88' lang='lat' dir='ltr'>castellani</span> <span class='ocrx_word' id='word_1_169' title='bbox 1501 1856 1666 1898; x_wconf 89' lang='lat' dir='ltr'>Montis</span> <span class='ocrx_word' id='word_1_170' title='bbox 1692 1855 1904 1904; x_wconf 81' lang='lat' dir='ltr'>ferrandi,</span> 
     </span>
     <span class='ocr_line' id='line_1_23' title="bbox 348 1926 1910 1983; baseline -0.001 -12"><span class='ocrx_word' id='word_1_171' title='bbox 348 1934 391 1971; x_wconf 85' lang='lat' dir='ltr'>et</span> <span class='ocrx_word' id='word_1_172' title='bbox 408 1928 729 1983; x_wconf 82' lang='lat' dir='ltr'>magistrorum</span> <span class='ocrx_word' id='word_1_173' title='bbox 742 1927 970 1969; x_wconf 87' lang='lat' dir='ltr'>Guillelmi</span> <span class='ocrx_word' id='word_1_174' title='bbox 992 1926 1193 1968; x_wconf 86' lang='lat' dir='ltr'>Folcardi</span> <span class='ocrx_word' id='word_1_175' title='bbox 1211 1929 1254 1968; x_wconf 90' lang='lat' dir='ltr'>et</span> <span class='ocrx_word' id='word_1_176' title='bbox 1275 1926 1503 1968; x_wconf 86' lang='lat' dir='ltr'>Guillelmi</span> <span class='ocrx_word' id='word_1_177' title='bbox 1525 1927 1765 1970; x_wconf 82' lang='lat' dir='ltr'>Alamandi</span> <span class='ocrx_word' id='word_1_178' title='bbox 1783 1931 1910 1970; x_wconf 87' lang='lat' dir='ltr'>nota-</span> 
     </span>
     <span class='ocr_line' id='line_1_24' title="bbox 348 1998 1908 2047; baseline -0.001 -5"><span class='ocrx_word' id='word_1_179' title='bbox 348 2001 534 2047; x_wconf 78' lang='lat' dir='ltr'>riorum,</span> <span class='ocrx_word' id='word_1_180' title='bbox 567 2002 610 2041; x_wconf 88' lang='lat' dir='ltr'>et</span> <span class='ocrx_word' id='word_1_181' title='bbox 638 1999 757 2041; x_wconf 88' lang='lat' dir='ltr'>Petri</span> <span class='ocrx_word' id='word_1_182' title='bbox 784 1998 985 2045; x_wconf 85' lang='lat' dir='ltr'>Vesiani,</span> <span class='ocrx_word' id='word_1_183' title='bbox 1018 2001 1063 2040; x_wconf 89' lang='lat' dir='ltr'>et</span> <span class='ocrx_word' id='word_1_184' title='bbox 1113 1998 1204 2039; x_wconf 85' lang='lat' dir='ltr'>mei</span> <span class='ocrx_word' id='word_1_185' title='bbox 1231 1998 1449 2040; x_wconf 70' lang='lat' dir='ltr'>johannis</span> <span class='ocrx_word' id='word_1_186' title='bbox 1482 1999 1537 2040; x_wconf 89' lang='lat' dir='ltr'>de</span> <span class='ocrx_word' id='word_1_187' title='bbox 1565 1998 1764 2041; x_wconf 86' lang='lat' dir='ltr'>Fronilla</span> <span class='ocrx_word' id='word_1_188' title='bbox 1801 1999 1908 2041; x_wconf 88' lang='lat' dir='ltr'>dicti</span> 
     </span>
     <span class='ocr_line' id='line_1_25' title="bbox 347 2069 1908 2126; baseline -0.001 -13"><span class='ocrx_word' id='word_1_189' title='bbox 347 2072 519 2114; x_wconf 89' lang='lat' dir='ltr'>domini</span> <span class='ocrx_word' id='word_1_190' title='bbox 546 2070 879 2125; x_wconf 84' lang='lat' dir='ltr'>Magalonensis</span> <span class='ocrx_word' id='word_1_191' title='bbox 902 2069 1098 2125; x_wconf 88' lang='lat' dir='ltr'>episcopi</span> <span class='ocrx_word' id='word_1_192' title='bbox 1131 2069 1297 2124; x_wconf 82' lang='lat' dir='ltr'>publici</span> <span class='ocrx_word' id='word_1_193' title='bbox 1314 2069 1492 2117; x_wconf 79' lang='lat' dir='ltr'>notarii,</span> <span class='ocrx_word' id='word_1_194' title='bbox 1525 2071 1603 2125; x_wconf 86' lang='lat' dir='ltr'>qui</span> <span class='ocrx_word' id='word_1_195' title='bbox 1645 2070 1729 2112; x_wconf 90' lang='lat' dir='ltr'>hoc</span> <span class='ocrx_word' id='word_1_196' title='bbox 1750 2070 1908 2126; x_wconf 87' lang='lat' dir='ltr'>scripsi</span> 
     </span>
     <span class='ocr_line' id='line_1_26' title="bbox 347 2141 894 2197; baseline -0.005 -12"><span class='ocrx_word' id='word_1_197' title='bbox 347 2146 390 2185; x_wconf 92' lang='lat' dir='ltr'>et</span> <span class='ocrx_word' id='word_1_198' title='bbox 418 2143 544 2197; x_wconf 81' lang='lat' dir='ltr'>signo</span> <span class='ocrx_word' id='word_1_199' title='bbox 574 2156 673 2184; x_wconf 87' lang='lat' dir='ltr'>meo</span> <span class='ocrx_word' id='word_1_200' title='bbox 702 2141 894 2195; x_wconf 77' lang='lat' dir='ltr'>signavi.</span> 
     </span>
    </p>
   </div>
   <div class='ocr_carea' id='block_1_3' title="bbox 1283 2283 1649 2323">
    <p class='ocr_par' dir='ltr' id='par_1_4' title="bbox 1283 2283 1649 2323">
     <span class='ocr_line' id='line_1_27' title="bbox 1283 2283 1649 2323; baseline 0.003 -9"><span class='ocrx_word' id='word_1_201' title='bbox 1283 2284 1379 2323; x_wconf 82' lang='lat' dir='ltr'>(Reg.</span> <span class='ocrx_word' id='word_1_202' title='bbox 1399 2283 1436 2319; x_wconf 76' lang='lat' dir='ltr'>E,</span> <span class='ocrx_word' id='word_1_203' title='bbox 1460 2284 1518 2315; x_wconf 84' lang='lat'>101.</span> <span class='ocrx_word' id='word_1_204' title='bbox 1538 2285 1576 2315; x_wconf 80' lang='lat'>47</span> <span class='ocrx_word' id='word_1_205' title='bbox 1595 2286 1649 2321; x_wconf 63' lang='grc' dir='ltr'>ν’).</span> 
     </span>
    </p>
   </div>
   <div class='ocr_carea' id='block_1_4' title="bbox 764 2565 1496 2621">
    <p class='ocr_par' dir='ltr' id='par_1_5' title="bbox 764 2565 1496 2621">
     <span class='ocr_line' id='line_1_28' title="bbox 764 2565 1496 2621; baseline 0.003 -14"><span class='ocrx_word' id='word_1_206' title='bbox 764 2566 896 2608; x_wconf 69' lang='lat' dir='ltr'>Mox.</span> <span class='ocrx_word' id='word_1_207' title='bbox 934 2591 983 2596; x_wconf 90' lang='lat'><strong>—</strong></span> <span class='ocrx_word' id='word_1_208' title='bbox 1013 2566 1038 2607; x_wconf 74' lang='grc' dir='ltr'>ὕ</span> <span class='ocrx_word' id='word_1_209' title='bbox 1090 2565 1345 2621; x_wconf 85' lang='lat' dir='ltr'>septembre</span> <span class='ocrx_word' id='word_1_210' title='bbox 1380 2566 1496 2609; x_wconf 82' lang='lat'>1300</span> 
     </span>
    </p>
   </div>
   <div class='ocr_carea' id='block_1_5' title="bbox 351 2718 1911 2823">
    <p class='ocr_par' dir='ltr' id='par_1_6' title="bbox 351 2718 1911 2823">
     <span class='ocr_line' id='line_1_29' title="bbox 395 2718 1911 2765; baseline 0.001 -12"><span class='ocrx_word' id='word_1_211' title='bbox 395 2719 553 2754; x_wconf 76' lang='lat' dir='ltr'>Autre</span> <span class='ocrx_word' id='word_1_212' title='bbox 584 2718 807 2754; x_wconf 80' lang='lat' dir='ltr'>offrande</span> <span class='ocrx_word' id='word_1_213' title='bbox 820 2719 878 2755; x_wconf 86' lang='lat' dir='ltr'>de</span> <span class='ocrx_word' id='word_1_214' title='bbox 896 2720 1113 2765; x_wconf 86' lang='lat' dir='ltr'>poisson‚</span> <span class='ocrx_word' id='word_1_215' title='bbox 1145 2719 1248 2764; x_wconf 75' lang='lat' dir='ltr'>pris</span> <span class='ocrx_word' id='word_1_216' title='bbox 1276 2719 1480 2755; x_wconf 84' lang='lat' dir='ltr'>dansles</span> <span class='ocrx_word' id='word_1_217' title='bbox 1505 2719 1700 2756; x_wconf 85' lang='lat' dir='ltr'>eauxde</span> <span class='ocrx_word' id='word_1_218' title='bbox 1715 2719 1911 2756; x_wconf 71' lang='lat' dir='ltr'>Fronti-</span> 
     </span>
     <span class='ocr_line' id='line_1_30' title="bbox 351 2788 494 2823; baseline -0.007 -11"><span class='ocrx_word' id='word_1_219' title='bbox 351 2788 494 2823; x_wconf 86' lang='lat' dir='ltr'>gnan.</span> 
     </span>
    </p>
   </div>
   <div class='ocr_carea' id='block_1_6' title="bbox 351 2922 1914 3050">
    <p class='ocr_par' dir='ltr' id='par_1_7' title="bbox 351 2922 1914 3050">
     <span class='ocr_line' id='line_1_31' title="bbox 409 2922 1914 2971; baseline 0.003 -11"><span class='ocrx_word' id='word_1_220' title='bbox 409 2922 539 2961; x_wconf 73' lang='lat' dir='ltr'>Anno</span> <span class='ocrx_word' id='word_1_221' title='bbox 568 2922 795 2963; x_wconf 57' lang='lat' dir='ltr'>Don‘iinice</span> <span class='ocrx_word' id='word_1_222' title='bbox 826 2922 1146 2964; x_wconf 79' lang='lat' dir='ltr'>incarnationis</span> <span class='ocrx_word' id='word_1_223' title='bbox 1173 2923 1414 2965; x_wconf 81' lang='lat' dir='ltr'>millesimo</span> <span class='ocrx_word' id='word_1_224' title='bbox 1449 2923 1799 2971; x_wconf 87' lang='lat' dir='ltr'>trescentesimo‚</span> <span class='ocrx_word' id='word_1_225' title='bbox 1832 2922 1914 2966; x_wconf 84' lang='lat' dir='ltr'>sci-</span> 
     </span>
     <span class='ocr_line' id='line_1_32' title="bbox 351 2991 1910 3050; baseline 0.003 -18"><span class='ocrx_word' id='word_1_226' title='bbox 351 2991 451 3033; x_wconf 81' lang='lat' dir='ltr'>licet</span> <span class='ocrx_word' id='word_1_227' title='bbox 508 3006 646 3034; x_wconf 82' lang='lat' dir='ltr'>nonas</span> <span class='ocrx_word' id='word_1_228' title='bbox 693 2994 978 3048; x_wconf 77' lang='lat' dir='ltr'>septembris,</span> <span class='ocrx_word' id='word_1_229' title='bbox 1022 2994 1205 3036; x_wconf 84' lang='lat' dir='ltr'>domino</span> <span class='ocrx_word' id='word_1_230' title='bbox 1258 2994 1466 3049; x_wconf 82' lang='lat' dir='ltr'>Philippo</span> <span class='ocrx_word' id='word_1_231' title='bbox 1488 3008 1590 3050; x_wconf 82' lang='lat' dir='ltr'>rege</span> <span class='ocrx_word' id='word_1_232' title='bbox 1640 2995 1910 3036; x_wconf 86' lang='lat' dir='ltr'>Francorum</span> 
     </span>
    </p>
   </div>
  </div>
 </body>
</html>
