2205 3299
1186 131 1234 135 ρ
1268 104 1352 146 »426
1391 130 1421 134 -

540 215 629 253 tani
655 211 1021 265 recognitionem,
1055 211 1236 252 nomine
1259 211 1362 253 dicti
1392 210 1563 253 domini
1591 210 1791 266 episcopi
1818 212 1862 252 et
1889 222 1968 265 pro
1989 209 2090 264 ipso

531 285 575 322 ct
602 294 803 331 suorum,
855 281 1094 337 recipimus
1145 284 1187 323 et
1214 283 1516 336 acceptamus;
1566 283 1610 322 et
1637 280 1837 336 predicta
1870 279 2000 322 vobis
2045 282 2090 321 et

533 352 712 400 vestris,
769 366 825 394 ex
853 355 977 408 parte
1030 352 1235 409 ejusdem
1263 354 1306 393 et
1333 364 1659 399 successorum,
1714 350 2004 393 concedimus
2045 352 2089 392 et

530 423 786 472 laudamus,
844 425 977 479 prout
1007 422 1134 466 vobis
1179 422 1398 465 actilenus
1425 422 1573 464 extitit
1619 421 1879 464 confessum
1932 423 1976 463 et
2019 423 2090 463 est

528 496 810 542 consuetum,
842 494 970 536 salvo
999 497 1152 535 tamen
1180 493 1226 534 in
1252 492 1464 535 omnibus
1490 492 1587 548 jure
1636 493 1741 535 dicti
1769 491 1941 534 domini
1969 491 2089 547 epis-

533 565 630 619 copi
653 567 696 606 et
722 578 921 612 suorum,
956 567 1000 606 et
1028 563 1165 605 etiam
1192 562 1377 606 alterius
1403 562 1644 618 cujuslibet
1671 576 1879 618 persone.

592 636 703 677 Acta
730 634 911 676 fuerunt
937 635 1019 676 hec
1046 634 1091 676 in
1136 633 1330 676 claustro
1357 633 1542 675 ecclesie
1590 634 1645 675 de
1673 633 1907 678 Brissiaco,
1933 646 2087 675 coram

526 705 583 747 ad
611 705 695 747 hoc
740 705 909 748 vocatis
955 707 999 747 et
1025 704 1191 759 rogatis
1221 704 1426 752 testibus,
1482 703 1651 745 scilicet
1677 703 1862 745 domino
1911 704 1975 745 Bt.
2031 704 2087 746 de

528 776 781 819 Resclausis
822 776 1090 832 presbitero,
1116 775 1331 829 magistro
1353 776 1402 816 R.
1434 775 1489 815 de
1512 774 1719 828 Anglaris
1749 774 1940 822 notario,
1972 775 2087 816 Pon-

525 848 592 889 cio
622 847 778 890 Moreti
804 847 1041 895 diachono,
1071 846 1276 888 Johanne
1306 844 1500 892 Perroni,
1535 847 1578 887 et
1606 858 1677 887 me
1730 845 1860 887 Petro
1886 845 2085 888 Christo-

527 919 627 966 fori‚
659 918 826 973 publici
865 917 1026 960 notarii
1073 917 1118 958 in
1145 919 1238 958 tota
1266 915 1453 958 baronia
1498 916 1553 957 de
1581 915 1823 963 Rocafolio‚
1857 929 1914 958 ex
1961 918 2087 971 parte

526 989 633 1031 dicti
660 989 833 1030 domini
860 988 1037 1030 comitis
1064 986 1383 1034 Rutloenensis,
1414 986 1491 1042 qui
1520 987 1735 1029 mandato
1772 987 1976 1042 parcium
2003 986 2089 1029 hcc

527 1060 881 1101 instrumentum
906 1058 1137 1114 publicum
1167 1057 1325 1112 scripsi
1353 1054 1404 1099 et'
1423 1057 1551 1112 signo
1582 1070 1681 1100 meo
1709 1056 1899 1111 signavi.

586 1191 691 1233 Post
716 1191 798 1232 hec
825 1190 985 1232 eodem
1030 1202 1148 1231 anno
1176 1190 1220 1229 et
1255 1187 1343 1234 die,
1375 1190 1419 1229 et
1447 1187 1542 1238 loco
1570 1187 1735 1242 quibus
1763 1201 1914 1243 supra,
1946 1190 1990 1229 et
2015 1201 2089 1231 co-

528 1275 624 1304 ram
646 1261 817 1304 eisdem
843 1260 1047 1307 testibus,
1070 1261 1258 1313 excepto
1284 1258 1487 1300 Johanne
1509 1258 1707 1307 Perroni,
1727 1271 1809 1312 ego
1831 1259 2089 1301 Bernardus

530 1333 585 1374 de
613 1332 872 1380 Issarcellis,
898 1329 1133 1386 parrochie
1161 1330 1215 1371 de
1243 1328 1479 1376 Brissiaco,
1510 1328 1729 1371 confiteor
1754 1331 1799 1370 et
1824 1329 1871 1370 in
1897 1329 2089 1372 veritate

525 1416 796 1457 recognosco
818 1402 948 1443 vobis
970 1401 1087 1442 dicto
1105 1399 1288 1442 domiuo
1304 1400 1434 1440 Petro
1454 1399 1509 1441 de
1536 1398 1769 1447 Viridario,
1790 1399 2085 1454 procuratori,

528 1477 577 1516 ut
604 1474 812 1529 superius
841 1473 1009 1514 dictum
1039 1473 1120 1519 est,
1153 1473 1197 1512 et
1223 1470 1456 1525 recipienti
1508 1472 1551 1512 et
1579 1470 1813 1525 stipulanti
1859 1471 2081 1519 similiter,

528 1549 577 1588 ut
604 1545 932 1600 supradictum
954 1546 1036 1586 est,
1069 1542 1189 1597 quod
1217 1555 1300 1596 ego
1327 1544 1371 1582 et
1392 1543 1701 1583 antecessores
1723 1541 1815 1584 inei
1844 1543 2087 1584 tenuerunt

530 1616 776 1666 (lzzcmidite'
800 1615 830 1658 3
872 1621 1000 1661 cens„
1035 1612 1158 1654 decli.
1188 1612 1220 1654 8
1263 1614 1398 1663 cent.)
1425 1611 1746 1653 consuevimus
1773 1613 1880 1654 dare
1908 1616 1952 1655 et
2002 1614 2088 1656 sol-

529 1702 634 1730 vere
687 1701 766 1742 pro
818 1685 989 1728 usatico
1017 1697 1157 1725 unum
1210 1682 1447 1725 denarium
1475 1682 1820 1736 melgoriensem
1873 1683 2014 1737 (decli.
2055 1684 2086 1725 5
2112 1690 2115 1691 ’

527 1762 662 1813 vent.)
686 1761 727 1801 ei
755 1755 1116 1800 antecessoribus
1145 1753 1253 1801 suis,
1285 1753 1457 1795 ratione
1484 1744 1589 1794 dicti
1617 1754 1750 1796 castri
1777 1755 1831 1796 de
1860 1755 2079 1798 Brissiaco

527 1834 571 1873 et
596 1830 680 1872 hoc
720 1830 845 1884 parte
873 1826 1016 1881 (decli.
1052 1825 1074 1866 1
1104 1824 1239 1878 cent.)
1267 1827 1311 1865 et
1356 1837 1443 1871 mc,
1476 1828 1520 1866 et
1546 1826 1648 1878 post
1674 1837 1799 1867 meos
1826 1825 2086 1869 habitantes

533 1903 581 1944 in
608 1913 766 1943 manso
793 1900 838 1940 in
861 1912 951 1954 quo
979 1910 1098 1938 nunc
1125 1894 1344 1939 inhabito,
1376 1894 1518 1936 teneri
1546 1895 1664 1937 dicto
1703 1896 1887 1938 domino
1915 1897 2087 1953 episco-

526 1987 583 2029 po
611 1975 654 2014 et
681 1971 789 2019 suis,
819 1969 990 2011 ratione
1018 1966 1124 2008 dicti
1145 1965 1294 2012 castri,
1320 1965 1377 2007 ad
1404 1965 1576 2007 dictum
1603 1966 1858 2014 denarium,
1888 1967 2082 2022 singulis

525 2044 654 2088 annis
683 2039 1030 2087 exsolvendum;
1062 2040 1106 2080 et
1132 2037 1285 2092 ipsum
1328 2035 1502 2078 solvere
1531 2049 1611 2091 per
1639 2049 1709 2078 me
1760 2040 1804 2078 et
1831 2042 1957 2092 meoS
1985 2052 2085 2094 per-

521 2118 659 2172 petuo
680 2123 976 2157 successores
997 2112 1046 2150 ut
1066 2108 1237 2149 dictum
1258 2108 1340 2153 est,
1359 2106 1476 2148 dicto
1493 2107 1678 2149 domino
1699 2108 1909 2164 episcopo
1924 2112 1968 2151 et
1989 2110 2083 2152 suis

524 2185 721 2229 dominis
749 2182 854 2226 dicti
906 2179 1055 2225 castri,
1086 2178 1315 2234 promitto,
1347 2180 1391 2219 et
1429 2178 1581 2232 (zut)
1608 2178 1878 2223 Guillelmus
1925 2194 2084 2237 supra-

527 2257 687 2300 dictus.
1246 2264 1249 2267 '

579 2387 631 2429 Et
658 2400 737 2428 nos
760 2385 905 2427 dictus
933 2384 1193 2439 procurator
1221 2379 1468 2435 predictam
1513 2380 1882 2434 recognitionem,
1914 2384 1963 2424 ut
1989 2383 2082 2425 dic-

520 2462 618 2500 tum
646 2459 727 2505 est,
759 2455 1018 2510 recipimus,
1049 2453 1176 2495 salvo
1202 2452 1249 2493 in
1275 2450 1488 2493 omnibus
1507 2450 1604 2505 jure
1632 2450 1738 2492 dicti
1760 2452 1935 2494 domini
1962 2454 2082 2509 epis·
2117 2488 2122 2491 ,
2181 2452 2201 2493 ff

521 2528 621 2584 copi
647 2529 692 2570 et
717 2539 918 2569 suorum.
949 2526 1107 2566 Petrus
1134 2521 1395 2565 Christofori
1418 2521 1619 2563 notarius
1641 2522 1852 2576 predictis
1867 2525 2080 2571 omnibus

521 2598 719 2645 interfui,
751 2599 795 2639 et
815 2596 1057 2638 mandatus
1084 2607 1110 2635 a
1137 2593 1268 2635 dictis
1291 2591 1495 2646 partibus
1522 2592 1604 2634 hec
1624 2592 1784 2648 scripsi
1812 2596 1856 2636 et
1881 2595 2074 2649 signavi.

1389 2735 1485 2772 (Reg.
1510 2736 1545 2770 Η,
1568 2735 1625 2766 fol.
1648 2736 1711 2767 210
1726 2743 1784 2777 ν·’).
