2040 3404
113 216 267 255 tamen
294 213 427 256 nobis
455 215 670 261 exercitu,
701 219 746 255 et
770 213 1000 257 cavalcata
1025 216 1070 255 et
1093 211 1225 268 equis
1249 212 1451 259 armatis,
1475 224 1562 267 que
1584 223 1665 253 no-

112 282 183 326 bis
209 282 342 326 hodie
368 286 631 340 competunt
655 284 700 326 in
728 284 990 327 hominibus
1018 285 1151 331 terre,
1183 282 1300 325 dicto
1322 282 1533 338 episcopo
1552 281 1663 324 assi-

113 354 259 396 dende
286 368 343 396 ex
371 367 506 397 causa
532 355 746 410 predicta,
768 358 811 396 et
831 355 932 398 aliis
953 354 1132 398 casibus
1155 353 1498 409 superioritatiffi
1523 365 1664 409 quam

111 424 402 469 cavalcatam.
434 438 514 481 per
539 425 680 467 dictos
703 425 911 468 homines
956 425 1227 471 faciendam,
1258 437 1337 479 per
1361 425 1517 478 gentes
1561 437 1663 466 nos-

111 497 202 537 tras
229 495 528 551 significatam
558 495 782 551 episcopo.
815 496 930 538 sicut
955 495 1226 552 generaliter
1251 507 1332 551 per
1351 494 1662 537 senescaltiam

112 565 342 608 Bellicadri
366 566 463 609 fieri
490 567 739 614 consuevit,
769 567 867 622 ipse
895 567 1135 622 episcopus
1174 565 1362 608 mandet
1386 564 1480 607 suis
1518 564 1664 607 homi-

111 635 248 678 nibus
273 636 525 680 antedictis.

170 707 376 749 Preterea
405 708 590 763 predicti
620 711 946 763 procuratores.
979 709 1160 750 nomine
1187 721 1277 764 quo
1322 720 1473 762 supra,
1523 710 1665 749 trans-

112 777 260 819 ferunt
280 778 325 819 in
354 791 435 821 nos
462 782 508 821 et
534 792 813 821 successores
835 783 1012 821 nostros
1039 792 1168 834 reges
1193 779 1395 825 Francie,
1451 778 1667 820 medieta-

113 851 201 890 tem
232 862 310 904 pro
339 849 534 892 indiviso
562 863 794 896 censuum,
822 851 1112 897 usaticorum,
1145 850 1465 892 laudimiornm
1493 849 1666 903 predic-

118 922 280 962 torum.
313 920 580 963 rusticorum
615 924 659 963 et
709 922 1001 966 urbanorum„
1034 924 1077 962 et
1127 920 1318 963 aliarum
1346 920 1663 975 pocessionum

110 1003 516 1047 quarumcumque,
547 1005 636 1048 que
664 992 798 1034 habet
826 991 972 1033 dictus
1000 991 1238 1047 episcopus
1266 991 1312 1033 in
1356 991 1666 1045 Montepessu-

111 1061 146 1103 lc
159 1075 215 1103 no
243 1064 285 1103 et
308 1062 351 1103 in
379 1062 840 1118 Montep‹·ssulanet.o,
865 1066 906 1105 et
929 1075 1085 1105 eorum
1110 1061 1391 1118 pertinentiis
1424 1061 1659 1110 duntaxat;

113 1134 260 1187 preter
287 1146 419 1174 suum
448 1133 699 1188 hospicium
741 1133 1011 1189 episcopale,
1042 1133 1163 1190 quod
1191 1133 1327 1175 habet
1377 1136 1420 1175 et
1446 1136 1570 1175 tenet
1619 1132 1664 1174 in

111 1203 551 1258 Monlepessulaneto
578 1204 674 1259 ipse
719 1207 761 1246 et
810 1204 1017 1247 officialis
1057 1217 1179 1252 suus;
1211 1207 1360 1259 preter
1384 1203 1526 1245 eciam
1555 1203 1664 1246 mol-

113 1274 345 1316 landinum
398 1288 500 1317 cum
530 1280 656 1330 prato
706 1278 749 1317 et
775 1280 887 1318 orto.
913 1280 957 1318 et
1006 1275 1106 1317 aliis
1128 1274 1296 1330 prediis
1351 1274 1664 1329 adjacentibus

111 1345 166 1386 ad
216 1358 281 1386 ea.
314 1358 401 1400 que
429 1345 638 1401 episcopo
679 1346 722 1387 in
773 1346 969 1398 solidum
1022 1346 1337 1393 remanebunt;
1369 1359 1448 1400 pro
1499 1345 1664 1400 quibus

111 1416 227 1458 dicto
272 1416 482 1471 episcopo
509 1416 729 1471 assignari
774 1421 817 1459 et
843 1416 1032 1459 assideri
1079 1416 1292 1458 volumus
1319 1420 1364 1458 et
1390 1416 1663 1459 mandamus

114 1486 530 1542 compensationem
576 1487 863 1543 condignam,
894 1487 949 1528 de
995 1487 1150 1529 valore
1177 1487 1234 1528 ad
1261 1486 1480 1535 valorem,
1511 1500 1667 1529 secun-

111 1557 223 1598 dum
249 1569 539 1600 communem
566 1558 917 1606 estimationem,
964 1558 1181 1600 bonorum
1235 1557 1436 1600 virorum
1481 1557 1667 1601 arbitrio

111 1627 378 1670 faciendam.

170 1699 222 1741 Et
250 1699 450 1754 predicta
474 1700 628 1742 omnia
654 1714 740 1756 que
771 1698 883 1758 [pro]
915 1700 1219 1755 predictorum
1247 1700 1370 1742 omni
1408 1713 1666 1755 recompen-

111 1769 282 1812 satione
310 1770 538 1812 daniuset
556 1771 776 1825 assignari
823 1771 1093 1813 mandamus
1138 1771 1346 1826 episcopo
1399 1774 1661 1820 memorato,

49 1859 54 1863 ·
113 1844 158 1883 et
184 1854 237 1883 ea
261 1854 351 1896 que
378 1841 461 1883 sibi
491 1841 544 1883 de
574 1840 708 1887 feudo
732 1845 880 1884 nostro
902 1842 1140 1896 episcopus
1163 1841 1325 1884 retinet
1347 1843 1389 1883 in
1410 1843 1667 1899 Moutepes-

113 1911 270 1954 sulano
299 1915 341 1954 et
363 1911 801 1967 Montepessulaneto
830 1917 873 1954 et
907 1926 1061 1954 eorum
1091 1912 1389 1967 pertinentiis.
1422 1927 1513 1955 una
1561 1928 1665 1956 cum

110 1981 210 2024 aliis
238 1982 383 2024 feudis
409 1995 497 2038 que
521 1985 641 2025 tenet
666 1996 693 2025 a
721 1984 864 2027 flebis,
897 1983 1066 2024 tenebit
1103 1983 1146 2024 in
1177 1982 1377 2031 feudum,
1433 1987 1473 2025 et
1515 1988 1665 2027 tenere

112 2056 397 2106 recognoscet
425 2053 543 2095 idem
572 2053 810 2109 episcopus
833 2057 875 2095 et
898 2067 1178 2096 successores
1201 2054 1270 2096 sui
1292 2068 1319 2096 a
1345 2055 1474 2097 nobis
1501 2058 1544 2097 et
1564 2069 1666 2098 nos-

116 2124 192 2165 tris
220 2123 553 2166 successoribus
583 2124 623 2164 in
678 2129 962 2179 perpetuum,
995 2124 1247 2166 secundum
1277 2125 1460 2167 modum
1488 2130 1532 2168 et
1577 2127 1667 2168 for-

117 2207 232 2235 mam
275 2194 442 2250 quibus
479 2195 977 2250 Montenxpessulanum
1029 2197 1072 2237 et
1123 2195 1666 2251 Monteinpessulanctum

115 2266 295 2307 tenebat
322 2268 361 2306 et
416 2267 777 2319 rec‹-›gnosc0hat;
827 2266 1111 2308 intendentes
1138 2267 1182 2308 in
1231 2266 1316 2309 isla
1360 2268 1667 2322 recognicione

114 2336 266 2378 venire
297 2339 467 2377 tantum
498 2349 550 2377 ea
575 2350 662 2392 que
692 2340 795 2378 sunt
823 2337 879 2378 de
919 2336 1053 2379 feudo
1081 2341 1248 2385 nostro,
1280 2342 1323 2380 et
1372 2339 1493 2394 quod
1521 2339 1667 2381 dictus

115 2406 354 2461 episcopus
384 2407 525 2461 possit
558 2407 664 2449 dare
711 2408 754 2448 in
800 2407 1136 2462 emphiteosim.
1191 2411 1234 2450 et
1263 2412 1519 2464 permutare
1570 2411 1668 2452 sine

113 2477 298 2519 consilio
329 2479 494 2520 nostro.
520 2477 616 2518 sine
641 2477 809 2522 fraude:
843 2478 904 2520 ita
929 2478 1049 2534 quod
1077 2492 1161 2525 res,
1193 2492 1330 2534 quam
1358 2493 1415 2521 ex
1437 2483 1665 2535 permuta-

112 2547 232 2589 tione
254 2547 438 2589 habebit
471 2547 726 2603 episcopus,
753 2548 810 2590 sit
836 2548 1042 2603 ejusdem
1071 2550 1251 2596 valoris,
1283 2552 1326 2592 et
1372 2563 1670 2604 recognosca-

114 2620 184 2659 tur
211 2617 354 2664 nobis,
385 2620 499 2659 sicut
523 2618 611 2660 alia
638 2619 1050 2673 recognoscebatur.

172 2688 282 2730 Item
313 2688 521 2730 volumus
548 2691 594 2731 et
620 2690 908 2731 concedimus
929 2690 1047 2744 quod
1075 2690 1221 2733 dictus
1249 2692 1498 2746 episeopus.
1541 2694 1669 2747 Capi-

115 2758 260 2800 tulum
288 2761 332 2800 et
358 2759 560 2801 canonici
586 2759 943 2814 Magaloucoecs.
975 2760 1110 2802 simul
1136 2764 1179 2803 et
1206 2763 1466 2816 sesai-alini.
1493 2765 1582 2805 sint
1621 2765 1666 2805 in
