2040 3404
722 165 967 208 —555—

126 338 432 393 DCCCXCVII.
466 368 516 374 —
546 344 676 386 Anno
702 346 745 384 et
771 342 842 384 die
870 341 1034 397 quibus
1061 341 1399 396 supra‚-Petrus
1439 342 1610 392 Boneti‚

76 414 135 456 de
161 413 396 462 Cathedra,
427 413 686 468 recognovit
712 412 828 454 dicto
855 412 1096 454 castellano
1123 425 1170 454 se
1198 412 1361 455 debere
1389 413 1496 455 dare
1523 415 1615 470 regi

72 483 239 540 eteius
266 485 385 527 curie
415 484 568 531 Salvii,
600 484 645 525 in
684 483 819 525 tercio
864 495 982 524 anno
1010 485 1240 538 perpetuo,
1273 497 1351 539 pro
1401 485 1611 533 caslania,

77 567 219 597 unum
246 555 486 598 sestarium
513 554 658 598 civate
687 554 809 611 quod
837 554 1044 609 promisit
1069 555 1258 598 solvere.

132 626 480 674 Acturffitestes
507 628 552 668 et
577 625 779 668 notarius
802 631 850 669 ut
877 641 1025 682 supra.

1059 768 1157 808 (Reg.
1182 769 1216 805 F,
1240 770 1297 800 fol.
1321 769 1435 803 336r0).

131 904 455 948 DCCCXCvlu.
488 929 541 934 —
568 904 699 947 Auno
725 907 769 947 et
804 904 876 947 die
920 905 1085 961 quibus
1110 920 1263 962 supra,
1295 908 1513 951 Martinus
1564 910 1619 951 de

72 975 248 1024 Arenis,
279 975 335 1017 de
357 975 535 1018 Sancto
585 975 778 1030 Ypolito,
808 977 1067 1031 recognovit
1098 976 1214 1019 dicto
1264 979 1516 1021 castellano.
1573 994 1619 1023 se

72 1046 235 1089 debere
262 1045 369 1088 dare
395 1045 489 1100 regi
509 1048 554 1087 et
580 1045 675 1100 ejus
701 1046 822 1087 curie
851 1046 1005 1093 Salvii,
1037 1047 1082 1088 in
1108 1048 1244 1090 tercio
1265 1062 1382 1092 anno
1403 1053 1618 1105 perpetuo

71 1130 154 1173 pro
173 1116 389 1163 caslania,
422 1129 560 1158 unam
587 1116 786 1158 eminam
813 1117 956 1158 oivate
984 1131 1121 1172 quam
1150 1119 1356 1173 promisit
1383 1121 1572 1164 solvere.

131 1189 309 1234 Actum,
340 1190 479 1229 testes
502 1189 546 1228 et
573 1186 774 1229 notarius
803 1191 851 1229 ut
878 1201 1025 1243 supra.

978 1330 1073 1368 (Reg.
1099 1330 1131 1365 F,
1156 1330 1212 1361 fol.
1235 1331 1295 1362 335
1314 1336 1373 1369 ψ’).

131 1463 415 1508 DCGGXCIX.
466 1489 519 1495 -
547 1465 677 1506 Anno
705 1467 748 1506 et
797 1464 869 1506 die
919 1465 1085 1522 quibus
1135 1480 1287 1524 supra,
1336 1470 1520 1513 Pontius
1565 1473 1620 1514 de

72 1536 301 1584 Montillis‚
332 1535 388 1578 de
415 1535 649 1583 Cathedra,
687 1536 946 1590 recognovit
970 1537 1088 1580 dieto
1113 1540 1356 1583 castellano
1383 1555 1428 1584 se
1457 1543 1620 1587 debore

73 1608 180 1650 dare
208 1607 301 1662 regi
329 1609 373 1648 et
398 1605 494 1661 ejus
520 1606 641 1648 curie
669 1605 824 1654 Salvii,
855 1606 900 1648 in
938 1608 1068 1651 tertio
1117 1622 1251 1659 anno,
1282 1625 1362 1666 pro
1407 1614 1617 1664 caslania,

78 1681 170 1720 tam
198 1691 277 1733 pro
300 1690 346 1719 se
373 1690 511 1733 quam
540 1690 620 1732 pro
646 1676 741 1718 filio
769 1690 865 1725 δυο,
913 1692 1054 1720 unum
1082 1681 1321 1723 sestarium
1348 1683 1507 1731 civate,
1562 1685 1623 1728 ita

71 1749 192 1805 quod
218 1748 410 1804 quilibet
452 1748 528 1790 dat
554 1760 692 1789 unam
713 1748 927 1790 eminam:
959 1750 1078 1806 quod
1119 1753 1358 1795 sestarium
1386 1768 1464 1809 pro
1486 1769 1533 1797 se
1579 1760 1622 1798 et

74 1819 170 1861 filio
193 1832 273 1861 suo
301 1818 507 1874 promisit
533 1818 721 1860 solvere.

136 1891 315 1937 Actum,
347 1891 484 1931 testes
509 1892 555 1931 et
580 1888 782 1931 notarius
813 1894 858 1931 ut
884 1903 1035 1945 supra.

960 2032 1056 2071 (Κεὶς.
1081 2034 1115 2070 F,
1135 2034 1191 2065 101⁷
1216 2035 1276 2066 330
1298 2040 1353 2074 1²⁵).

135 2167 229 2210 GM.
264 2192 314 2196 —
344 2168 475 2208 Anno
502 2171 547 2209 et
567 2166 638 2207 dic
666 2167 830 2222 quihus
859 2181 1007 2223 supra,
1044 2171 1196 2214 Petrus
1223 2174 1278 2216 de
1305 2175 1533 2226 Montillis‚
1571 2181 1624 2221 de

72 2237 308 2285 Cathedra,
327 2236 583 2291 recognovit
609 2236 726 2279 dicto
740 2238 983 2281 castellano
1006 2241 1252 2296 recipienti,
1276 2258 1322 2286 se
1339 2247 1502 2290 debere
1520 2250 1625 2292 dare

73 2309 166 2362 regi
187 2311 231 2350 et
256 2307 352 2362 ejus
379 2308 498 2350 curie
522 2307 677 2355 Salvii,
703 2308 747 2349 in
776 2310 903 2350 tertio
924 2322 1041 2352 anno
1065 2317 1294 2368 perpetuo,
1321 2332 1399 2372 pro
1411 2320 1622 2371 caslania,

78 2379 256 2421 tertiam
284 2382 458 2434 partem
485 2379 617 2421 unius
643 2379 821 2421 cartalis
847 2380 1006 2423 civate.

133 2451 314 2497 Actum,
346 2451 482 2492 testes
509 2452 553 2491 et
581 2450 778 2492 notarius
800 2453 1018 2506 utsupra.

989 2594 1083 2634 (Reg.
1104 2596 1137 2633 F,
1161 2597 1216 2628 fol.
1242 2598 1302 2629 336
1322 2606 1380 2640 v·).

132 2726 243 2768 CMI.
274 2751 329 2756 —
357 2728 486 2769 Anno
507 2731 551 2769 et
576 2729 648 2771 die
670 2731 834 2784 quibus
856 2744 1006 2787 supra,
1026 2733 1280 2779 Guiraudus
1305 2738 1550 2784 Vinlaliode
1566 2758 1632 2785 re-

57 2796 281 2851 cognovit
295 2797 411 2839 dieto
427 2799 668 2842 castellano
683 2813 730 2842 se
748 2802 910 2844 debere
929 2804 1034 2846 dare
1052 2805 1143 2859 regi
1159 2809 1201 2848 et
1222 2808 1317 2863 ejus
1334 2814 1454 2853 cui-jc
1471 2815 1627 2862 Salvii,
