2040 3404
748 351 996 398 —815—

151 460 235 502 Pro
261 473 352 515 qua
379 459 504 514 pecia
531 459 660 500 vinee
683 458 812 501 dabis
834 461 877 520 et
903 458 1010 500 dare
1040 455 1278 499 teneberis.
1318 456 1434 498 dicto
1460 456 1643 498 domino

92 530 302 586 episcopo
328 532 372 572 et
398 529 490 572 suis
517 529 862 577 successoribus,
894 527 1082 583 singulis
1115 526 1246 569 annis
1287 526 1330 567 in
1358 526 1471 568 festo
1500 527 1642 568 sancti

95 601 213 644 Petri
240 600 433 642 intrante
461 603 666 653 augusto,
711 600 823 643 duos
851 599 1059 641 denarios
1088 597 1409 653 melgorienses
1437 611 1514 651 pro
1543 610 1644 639 nsa-

95 672 180 715 tico
208 674 400 714 tantum.

152 742 277 785 Hanc
302 745 454 785 autem
485 741 792 784 venditionem
820 741 934 783 dicte
962 740 1091 782 vinee
1109 738 1188 781 tibi
1215 741 1260 781 et
1286 738 1374 780 tuis
1391 737 1517 784 facio,
1549 751 1645 792 pre-

91 813 159 856 cio
173 813 329 856 decem
345 813 563 855 librarum
582 812 965 867 melgoriensium‚
986 824 1100 867 quas
1126 823 1154 853 a
1182 813 1222 852 te
1248 809 1386 851 habui
1408 811 1453 850 et
1479 808 1640 864 recepi,

94 884 137 926 in
181 884 347 940 quibus
385 882 639 938 exceptioni
691 896 779 925 non
806 883 1079 929 habitarum,
1111 894 1200 923 non
1251 882 1548 934 receptarum,
1604 871 1644 921 et

94 954 281 1010 pecunie
309 968 397 997 non
426 957 673 1001 numerate,
692 956 735 995 et
763 953 899 1009 precii
922 967 1007 995 non
1037 951 1184 999 soluti,
1206 951 1398 994 scienter
1413 950 1640 992 renuncio.

151 1025 277 1077 Quod
306 1025 500 1081 pretium
527 1038 679 1067 asse-ro
707 1028 750 1067 et
789 1024 1006 1066 confiteor
1027 1037 1124 1065 esse
1151 1022 1322 1078 justum
1345 1023 1388 1064 et
1414 1020 1570 1076 legale:
1603 1008 1646 1062 et

95 1096 130 1139 si
153 1096 255 1151 plus
272 1096 406 1143 valet,
437 1100 515 1138 aut
536 1095 768 1142 valebitin
796 1095 1013 1142 futurum,
1036 1093 1182 1149 precio
1209 1091 1480 1148 supradicto,
1507 1094 1645 1134 totam

95 1167 218 1210 illam
246 1168 390 1222 magis
419 1166 677 1214 valentiam,
709 1166 920 1221 quamvis
948 1165 1187 1208 excederet
1207 1163 1413 1219 duplum,
1440 1162 1640 1217 triplum,

95 1238 398 1294 quadruplum
428 1238 500 1280 vel
527 1237 723 1292 amplius
751 1239 1185 1292 quantumcumque,
1216 1234 1296 1276 tibi
1323 1237 1367 1276 et
1393 1233 1481 1276 tuis
1509 1233 1642 1279 dono,

94 1323 207 1364 pura
232 1312 277 1352 et
302 1308 496 1365 simplici
523 1308 762 1351 donatione
784 1308 900 1350 inter
928 1307 1072 1355 vivos,
1117 1306 1240 1348 nulla
1289 1304 1521 1348 occasione
1573 1303 1644 1346 vel

95 1393 231 1423 causa
257 1379 591 1435 ingratitudinis
619 1379 883 1426 1·evocanda;

154 1451 320 1494 Volens
347 1453 392 1493 et
416 1451 666 1494 concedens
692 1450 812 1506 quod
841 1453 889 1492 tu
916 1452 959 1491 ct
980 1449 1044 1491 tui
1065 1448 1326 1491 auctoritate
1347 1446 1525 1502 propria
1548 1460 1649 1501 pos-

94 1522 156 1565 sis
183 1522 372 1577 ingredi,
403 1525 447 1564 et
466 1521 810 1577 apprehendere
838 1523 879 1563 et
908 1519 1102 1562 nancisci
1133 1518 1465 1574 possessionem
1492 1530 1648 1573 corpo-

91 1593 247 1642 ralem,
277 1596 321 1635 et
370 1592 516 1648 quasi,
546 1592 662 1634 dicte
706 1592 836 1634 vinee
863 1594 907 1633 et
952 1604 1134 1633 suarum
1176 1588 1549 1645 pertinentiarum
1601 1590 1648 1629 ct

92 1663 276 1720 jurium,
314 1677 386 1706 me
437 1663 620 1706 etnicis
666 1663 852 1705 minime
880 1661 1109 1717 requisito:
1141 1665 1185 1703 et
1228 1673 1462 1716 quousque
1502 1658 1647 1714 ipsam

95 1735 431 1791 possessionem
457 1734 810 1790 apprehenderis
831 1733 1125 1788 corporalem,
1146 1732 1325 1774 interim
1337 1730 1560 1773 constituo
1578 1742 1648 1771 me

96 1820 176 1862 pro
199 1809 239 1848 te
266 1809 311 1848 et
339 1809 413 1849 tuo
441 1805 620 1848 nominc
644 1804 890 1861 possidere;
916 1808 960 1847 et
986 1803 1199 1859 quicquid
1225 1802 1336 1857 juris
1374 1801 1437 1843 ihi
1486 1800 1644 1846 haheo,

96 1877 263 1920 habere
290 1877 434 1920 debeo
463 1877 535 1918 vel
564 1876 688 1918 visus
715 1890 816 1918 sum
844 1876 1027 1919 habere.
1051 1874 1147 1930 jure
1176 1872 1451 1919 hereditatis.
1477 1884 1651 1914 sncces-

94 1948 248 1995 sionis,
282 1948 566 2004 proprietatis
588 1948 657 1989 vel
686 1946 998 2002 possessionis,
1026 1947 1095 1987 vel
1123 1958 1407 2000 quocumque
1434 1942 1521 1985 alio
1556 1955 1651 1984 mo-

94 2021 166 2067 do,
189 2019 303 2076 jure,
335 2019 505 2062 ratione
535 2020 606 2061 vel
635 2018 788 2066 (blane
813 2020 846 2059 2
873 2025 1006 2068 cent.)
1029 2017 1116 2059 dici
1163 2017 1234 2059 vel
1262 2014 1503 2069 excogitari
1542 2002 1650 2068 'pos—

92 2091 150 2134 sit
174 2105 355 2148 quoquo
383 2091 532 2133 modo.
564 2094 608 2133 et
627 2090 781 2132 omnia
800 2089 900 2144 jura
927 2092 970 2132 et
996 2089 1196 2131 actiones
1224 2099 1533 2143 quascumque
1570 2083 1648 2126 tibi

91 2163 201 2206 cedo
228 2166 272 2205 et
298 2162 478 2210 mando,
509 2165 553 2204 ct
581 2162 621 2203 in
653 2165 692 2203 tc
714 2165 756 2203 et
780 2164 878 2203 tuos
907 2160 1124 2203 transfero
1151 2162 1195 2201 et
1217 2160 1484 2213 transporto.

154 2235 206 2276 Et
225 2233 531 2276 disvestiendo
561 2233 661 2275 inde
691 2232 869 2288 pcnitns
898 2246 968 2274 me
997 2235 1040 2273 et
1068 2245 1207 2274 meos.
1252 2234 1290 2272 te
1313 2232 1357 2271 ct
1379 2231 1477 2270 tuos
1505 2227 1651 2269 inves-

97 2305 156 2347 tio
185 2305 316 2360 pleno
347 2304 461 2359 jure,
489 2308 534 2346 et
560 2304 603 2345 in
637 2303 847 2359 predictis
895 2306 934 2345 te
965 2315 1121 2345 verum
1156 2301 1390 2344 dominnm
1413 2303 1456 2341 et
1496 2312 1650 2354 procn-

96 2378 288 2419 ratorem
319 2375 430 2418 t'acio
457 2375 755 2423 etconstituo‚
784 2377 832 2415 ut
853 2373 1081 2429 propriam
1110 2373 1154 2414 in
1177 2386 1271 2415 rem
1302 2375 1439 2418 tuam,
1475 2369 1650 2412 traden-

95 2447 152 2490 do
174 2447 254 2488 tibi
282 2460 471 2488 vacuam
500 2446 832 2501 possessionem
860 2445 975 2487 dicte
1000 2444 1144 2492 vinem
1170 2447 1214 2486 et
1248 2443 1370 2485 nulla
1412 2440 1532 2484 civili
1580 2442 1649 2481 vet

98 2517 291 2561 naturali
319 2517 601 2573 possessione
626 2530 763 2572 penes
804 2529 874 2558 mc
897 2519 940 2558 et
980 2529 1102 2558 meos
1147 2514 1464 2570 aliquathenus
1510 2524 1653 2553 rema-

96 2592 245 2635 nente3
1196 2574 1198 2577 ⁵

156 2660 206 2702 Et
234 2659 277 2701 in
304 2659 481 2713 signum
513 2659 724 2701 translate
749 2657 1049 2713 possessionis
1078 2657 1158 2699 tibi
1187 2657 1312 2699 trado
1349 2656 1648 2698 instrumenta

96 2744 183 2786 que
212 2730 370 2777 habeo,
395 2730 510 2772 dicte
541 2729 669 2771 vinee
699 2728 983 2784 pertinffltia:
1014 2742 1149 2783 quam
1190 2728 1367 2769 vineam
1421 2725 1582 2768 faciam
1611 2726 1652 2766 te

98 2803 141 2843 ct
163 2803 262 2842 tuos
289 2814 470 2855 semper
491 2800 654 2842 haberi·
682 2803 725 2841 ‹·t
755 2799 936 2854 pacifice
957 2799 1183 2854 possidere
1212 2799 1268 2841 nb
1295 2797 1419 2840 onini
1443 2810 1649 2852 persona-

99 2871 158 2913 ibi
185 2867 561 2926 aliquid'petente
593 2871 660 2913 vel
688 2870 1004 2913 demandante:
1038 2873 1078 2913 tc
1104 2873 1148 2911 et
1177 2873 1273 2912 tnos
1314 2868 1571 2910 deflendam
1608 2867 1651 2907 in

97 2941 260 2997 judicio
299 2948 342 2984 et
368 2945 495 2984 extra
544 2941 759 2996 judicium
784 2940 895 2983 meis
923 2941 1178 2996 sumptibus
1228 2938 1522 2994 ete5x'1›‹=11sis;
1565 2952 1651 2992 qni·

100 3012 415 3062 nisifacerem,
439 3026 572 3055 omne
599 3013 864 3068 dampnum,
904 3025 1151 3065 gravamen
1189 3015 1232 3053 et
1276 3024 1513 3064 expensas,
1566 3021 1653 3063 que
