1991 3279
1054 216 1102 220 κ-
1136 190 1217 232 'isso
1250 217 1293 219 -ψ

403 304 445 341 et
467 299 845 355 pertinenciarum
870 298 1088 353 ejusdem.
1108 298 1154 339 In
1170 299 1336 353 quibus
1359 297 1675 338 renunciamus
1698 293 1951 349 exceptioni

403 385 491 413 non
519 374 753 413 numerate
788 374 831 412 et
883 383 967 411 non
998 369 1157 411 tradite
1211 370 1339 411 nobis
1370 368 1555 424 pecunie
1608 367 1835 423 preciique
1862 379 1949 408 non

403 442 551 484 soluti.

462 513 515 555 Et
541 513 577 554 si
623 513 791 555 dictum
847 526 1059 554 nemus...
1094 512 1194 568 plus
1221 512 1338 554 dicto
1387 511 1532 567 precio
1560 511 1733 554 valet...
1783 510 1946 552 illud...

403 584 577 625 etiamsi
608 583 843 626 dimidiam
893 582 998 638 justi
1028 583 1164 638 precii
1209 584 1445 625 excederet
1484 595 1724 629 sumniam,
1782 581 1951 624 dictum

405 658 640 699 dominum
672 656 980 699 Raimundum
1008 659 1051 697 et
1101 669 1206 697 suos
1234 656 1393 697 eodem
1449 655 1608 711 precio,
1640 657 1682 695 et
1709 666 1765 693 ex
1816 665 1953 694 causa

403 729 657 773 donationis
684 730 800 772 inter
825 729 970 776 vivos,
996 728 1331 784 imperpetuum
1353 728 1520 770 habere
1549 727 1650 769 volo
1677 729 1720 768 et
1740 725 1948 773 concedo;

463 800 683 844 Cedentes
728 805 773 844 ct
824 801 1091 844 mandantes
1120 814 1198 842 nos
1226 800 1331 842 dicti
1382 803 1640 845 venditores
1667 803 1711 842 et
1759 798 1951 854 quisque

400 879 608 918 nostrum
633 877 682 919 in
708 876 919 925 solidum,
950 876 1067 918 dieto
1094 876 1277 918 domino
1304 875 1559 918 Raimundo
1581 874 1948 930 (zsse1¹1iiundo).

401 948 502 991 lieet
529 949 705 991 absenti
732 953 775 991 et
803 949 911 993 suis.
953 952 997 990 et
1024 947 1104 990 tibi
1131 947 1248 989 dicto
1275 948 1405 989 Petro
1432 947 1529 1002 ejus
1558 946 1845 1001 procuratori.
1876 960 1954 988 no-

401 1020 523 1062 mine
552 1019 857 1075 procuratorio
884 1033 963 1075 pro
991 1033 1043 1061 eo
1065 1018 1262 1074 presenti
1291 1022 1335 1060 et
1360 1018 1608 1074 recipienti,
1638 1017 1791 1060 omnia
1835 1017 1951 1060 dicta

401 1091 515 1144 jura,
545 1096 795 1147 omnesque
846 1090 1043 1133 rationes
1072 1093 1115 1132 et
1164 1090 1384 1132 acciones.
1417 1089 1678 1145 peticiones.
1709 1092 1753 1131 et
1805 1102 1954 1143 prose-

397 1162 598 1204 cutiones
625 1163 768 1204 reales
795 1166 839 1204 et
867 1162 1141 1218 personales.
1175 1162 1355 1209 mixtas,
1398 1159 1530 1203 utiles
1558 1163 1602 1203 et
1640 1161 1846 1204 directas.
1895 1160 1952 1203 ci—

399 1233 513 1275 viles
541 1237 585 1276 et
612 1233 848 1289 pretorias.
879 1236 922 1275 et
942 1247 1101 1275 omnes
1128 1233 1239 1275 alias
1266 1246 1575 1288 quascumque
1604 1235 1647 1274 et
1667 1245 1953 1287 quecumque

401 1319 496 1351 nos,
529 1304 634 1346 dieti
661 1304 920 1346 venditores
947 1308 991 1346 et
1017 1304 1209 1360 quisque
1238 1307 1457 1347 nostrum.
1513 1303 1749 1345 habemus.
1782 1305 1825 1345 et
1874 1303 1957 1345 ha-

398 1378 505 1418 bere
534 1377 755 1419 debemus
782 1378 827 1417 et
854 1389 1111 1430 possumus,
1144 1375 1216 1417 vel
1244 1375 1330 1417 visi
1358 1388 1516 1416 sumus
1549 1374 1716 1416 habere
1761 1374 1805 1415 in
1834 1374 1952 1417 dicto

399 1461 599 1493 nemore,
631 1450 675 1490 et
701 1447 745 1488 in
773 1446 948 1502 juribus
976 1450 1020 1488 et
1046 1446 1330 1501 pertinentiis
1358 1446 1465 1488 suis¹
1498 1446 1567 1487 vel
1600 1459 1680 1500 pro
1707 1445 1771 1488 eis
1797 1449 1950 1488 contra

400 1532 710 1575 quascumque
738 1532 969 1574 personas;

458 1590 791 1632 Constituentes
821 1603 899 1632 nos
926 1589 1031 1631 dicti
1060 1590 1332 1635 venditores.
1363 1592 1407 1632 et
1442 1590 1635 1646 quisque
1663 1592 1865 1631 nostrum
1906 1589 1952 1631 in

400 1662 612 1706 solidum.
645 1661 812 1703 dictum
843 1661 1079 1703 dominnm
1118 1661 1424 1704 Raimundum
1453 1662 1858 1710 (zssermundum)
1909 1666 1953 1705 et

400 1747 505 1775 suos
533 1746 664 1775 veros
692 1732 901 1775 dominos
928 1736 972 1774 et
1007 1734 1317 1788 procuratores
1344 1732 1388 1774 in
1417 1746 1508 1775 rem
1540 1746 1685 1776 suam:
1739 1733 1953 1776 constitu-

397 1808 523 1847 entes
551 1818 633 1846 nos
661 1804 764 1846 dicti
796 1805 1054 1847 venditores
1082 1807 1125 1846 et
1151 1804 1344 1860 quisque
1372 1807 1575 1846 nostrum
1603 1804 1854 1859 predictum
1876 1818 1954 1847 ne-

400 1889 503 1918 mus
533 1878 690 1923 totum.¹
721 1890 822 1919 eum
850 1876 1063 1918 omnihus
1088 1875 1263 1931 juribus
1291 1878 1334 1918 et
1361 1875 1642 1930 pertinentiis
1664 1876 1772 1918 suis.
1804 1877 1950 1918 nomi-

397 1962 452 1990 ne
481 1948 587 1989 dicti
613 1947 858 1990 Bermundi
888 1950 932 1990 et
958 1960 1142 1989 suorum
1188 1948 1353 1990 amodo
1383 1951 1548 1994 tenere,
1580 1961 1816 2003 quousque.
1862 1948 1955 1990 dir-

397 2023 470 2061 tus
497 2019 709 2061 dominus
759 2019 1046 2061 Bermundus
1083 2022 1126 2060 et
1153 2019 1221 2060 sui
1248 2019 1525 2074 corporalem
1578 2020 1846 2062 intraverint
1872 2033 1948 2062 seu

397 2090 784 2146 apprehenderint
820 2090 1155 2145 possessionem
1208 2089 1428 2144 ejusdem:
1459 2104 1595 2146 quam
1649 2090 1843 2134 intrandi
1871 2105 1950 2133 seu

393 2161 766 2217 apprehendendi
795 2161 1026 2204 licentiam
1055 2174 1134 2203 seu
1162 2161 1474 2204 auctoritatem
1499 2161 1617 2204 dicto
1638 2161 1821 2204 domino
1850 2163 1951 2205 Ber-

396 2234 568 2275 mundo
619 2232 926 2278 concedimus,
981 2232 1219 2274 donamus.
1275 2232 1413 2281 nostri
1442 2232 1513 2274 vel
1564 2235 1835 2277 nostrorum.
1873 2237 1950 2276 ant

394 2304 557 2360 judicis
584 2318 662 2347 seu
691 2303 881 2359 pre-toris
908 2303 1091 2345 licencia
1145 2303 1356 2359 deinceps
1385 2303 1570 2346 minime
1598 2306 1832 2359 expectata
1878 2305 1949 2346 vel

395 2375 627 2431 requisita2

458 2449 509 2490 Et
537 2446 840 2503 promittimus
870 2460 947 2488 nos
986 2446 1090 2488 dicti
1119 2447 1430 2489 venditores...
1486 2447 1542 2489 de
1569 2447 1790 2490 evictione
1841 2448 1946 2490 dicti

396 2518 609 2565 nemoris,
641 2521 684 2560 et
708 2517 875 2573 jurium
903 2520 947 2559 et
980 2518 1299 2572 pertinentium
1336 2518 1538 2560 omnium
1568 2521 1612 2560 et
1661 2519 1942 2564 eorumdem:

394 2592 459 2634 ita
479 2593 630 2633 tamen
651 2589 771 2644 quod
794 2588 831 2630 si
858 2588 1025 2630 dictum
1080 2602 1256 2631 nemus.
1287 2601 1387 2630 cum
1416 2588 1628 2631 omnibus
1678 2588 1852 2642 juribus
1897 2591 1941 2632 et

396 2661 686 2717 pertinenciis
714 2660 820 2703 suis.
851 2674 878 2701 a
904 2660 1021 2701 dicto
1049 2659 1231 2701 domino
1253 2660 1508 2702 Bermundo
1537 2660 1608 2701 vel
1635 2674 1662 2703 a
1681 2661 1774 2703 suis
1821 2661 1947 2703 evin-

396 2735 584 2776 ceretur.
616 2733 661 2774 in
689 2731 883 2774 solidum
912 2731 983 2772 vel
1015 2744 1091 2785 pro
1127 2735 1250 2785 parte
1271 2731 1436 2787 aliqua.
1460 2769 1462 2772 .
1485 2731 1542 2773 ab
1569 2731 1794 2787 aliquibus
1848 2745 1946 2787 per·
1988 2756 1991 2764 ·

399 2804 536 2851 sonis,
567 2806 610 2844 et
639 2802 824 2858 proinde
852 2802 996 2844 dictus
1024 2803 1234 2844 dominns
1265 2803 1545 2844 Bermundus
1572 2802 1644 2844 vel
1672 2802 1738 2845 sni
1787 2802 1947 2857 damp·
1988 2831 1991 2834 >

400 2889 509 2917 num
539 2875 608 2915 vel
645 2887 907 2929 gravamen,
938 2876 1146 2928 sumplus
1174 2876 1250 2915 aut
1288 2887 1512 2928 expensas
1538 2873 1730 2929 aliquas,
1760 2876 1837 2915 aut
1882 2874 1947 2915 ir.-
