1991 3279
976 111 1026 145 4-
1057 115 1141 157 612
1172 141 1221 144 „-

316 224 479 272 den‹la;
504 223 648 279 ipsius
676 223 814 264 etiam
835 222 1009 264 domini
1037 222 1235 278 episcopi
1273 219 1605 276 Magalonensis
1633 222 1677 261 et
1722 231 1887 274 procu-

314 294 474 338 ratoris
503 293 570 337 sui
594 307 674 349 pro
701 307 754 335 eo
780 293 1021 335 accedente
1042 305 1279 341 consensu;

374 366 423 408 In
451 358 609 421 primis
631 364 857 421 siquidem
881 377 961 419 pro
983 363 1209 419 predictis,
1242 377 1320 406 seu
1349 361 1522 405 ratione
1544 364 1587 403 et
1615 374 1752 403 causa
1779 372 1879 415 per-

315 436 595 485 mutationis,
625 436 680 477 de
708 448 799 491 qua
820 437 864 476 et
886 438 1019 490 prout
1040 434 1087 476 in
1116 434 1245 476 dictis
1275 431 1433 475 titteris
1463 431 1594 488 regiis
1617 430 1877 488 principalis

293 510 567 551 vcontractus
593 506 862 553 continetur,
892 505 1229 560 assignavimus
1256 504 1374 545 dicto
1421 502 1635 559 episcopo
1662 505 1705 543 et
1731 501 1877 544 Eccle-

313 578 377 621 sie
406 576 712 633 Magaloncnsi
734 576 789 618 de
830 576 959 618 bonis
1009 575 1311 623 hereditariis,
1334 574 1511 630 juribus
1539 577 1583 616 et
1626 572 1876 615 redditibus

313 649 419 691 dicti
446 647 615 691 domini
645 647 776 702 regis,
808 650 852 688 et
878 660 935 689 ex
957 646 1238 689 habundanti
1267 645 1404 688 etiam
1434 644 1691 687 assidemus
1719 643 1875 685 villam

311 723 356 762 et
378 719 624 776 baytiviam
653 717 809 766 Salvii,
835 717 944 760 etin
972 718 1094 773 ipsos
1122 717 1385 773 episcopum
1419 718 1463 757 et
1489 714 1732 758 Ecclesiam
1758 713 1872 770 jura.

313 795 358 834 et
387 790 692 846 pocessionem
747 792 790 830 et.
816 789 944 844 quasi
999 788 1308 844 pocessionem
1363 786 1701 833 transtulimus,
1732 788 1775 827 et
1818 798 1877 826 ex

315 861 600 905 habundanti
654 859 967 902 transierimus
994 860 1109 901 dicte
1138 859 1244 901 ville
1273 858 1413 901 Salvii
1459 860 1503 900 et
1529 856 1741 913 baylivie,
1796 869 1876 898 seu

317 932 467 978 Salvii¹
487 932 715 979 villarum,
765 934 808 973 et
835 931 968 973 etiam
998 934 1264 977 castrorum,
1297 928 1649 984 parrochiarum,
1681 930 1724 969 et
1754 939 1877 968 man-

313 1017 483 1052 sorum,
514 1017 620 1046 cum
660 1016 784 1045 mero
813 1005 857 1044 et
909 1001 1050 1043 mixto
1077 1000 1286 1056 imperio,
1319 1003 1363 1042 ct
1398 998 1723 1054 jurisdictione,
1770 1010 1873 1040 cum

308 1075 457 1119 feudis
484 1078 529 1118 et
556 1073 778 1117 ressortis,
810 1072 1037 1119 censibus,
1069 1071 1341 1119 redditibus,
1374 1070 1666 1126 proventibus
1692 1071 1737 1111 et
1779 1081 1875 1111 om-

311 1147 448 1190 nibus
475 1145 604 1188 bonis
632 1147 676 1186 et
694 1143 870 1199 juribus
898 1144 982 1185 sub
1029 1143 1189 1185 cadem
1219 1141 1327 1184 villa
1353 1145 1398 1184 et
1441 1141 1642 1197 baylivia
1667 1139 1872 1196 ejusdem

312 1217 628 1261 existentibus.
660 1214 800 1258 salvis
827 1218 872 1257 et
922 1214 1110 1256 retentis
1138 1213 1256 1256 dicto
1300 1212 1484 1255 domino
1535 1211 1643 1267 regi,
1673 1224 1761 1268 que
1787 1210 1875 1253 sai-

309 1290 461 1332 vanda
486 1291 529 1330 et
549 1286 786 1329 retinenda
821 1288 926 1328 suut
952 1299 1032 1341 per
1058 1285 1229 1328 litteras
1259 1283 1480 1340 predictas
1507 1281 1868 1339 permutationis,

309 1374 389 1404 seu
415 1357 769 1415 compositionis,
805 1370 884 1399 seu
913 1356 1176 1412 principalis
1202 1358 1471 1398 contractus.

370 1431 622 1474 Predictam
650 1430 802 1471 autem
830 1427 1187 1482 assignationem
1216 1440 1295 1468 seu
1321 1426 1528 1468 assisiam
1558 1425 1673 1468 dicte
1696 1424 1801 1466 ville
1827 1426 1874 1466 et

310 1501 508 1559 baylivie
538 1499 694 1547 Salvii,
724 1502 766 1541 et
794 1498 1000 1541 omnium
1029 1497 1331 1554 predictorum
1367 1496 1514 1539 eidem
1543 1496 1753 1551 episcopo
1778 1496 1873 1537 Ma-

306 1572 539 1630 galonensi
566 1571 772 1617 fecimus,
801 1570 858 1611 ad
907 1570 1108 1612 valorem
1136 1582 1215 1611 scu
1257 1581 1335 1623 pro
1362 1567 1514 1610 valore
1567 1570 1869 1610 trecentarum

299 1650 356 1689 -et
382 1646 454 1687 LX
480 1645 697 1686 librarum
752 1640 1119 1695 melgoriensium
1147 1640 1287 1682 annui
1323 1639 1541 1685 redditus:
1572 1642 1615 1680 et
1641 1638 1694 1680 ad
1748 1641 1871 1680 exte-

309 1717 574 1761 nuationem
595 1714 815 1756 dictarum
847 1712 1197 1767 quingentarum
1234 1711 1451 1752 librarum
1480 1710 1619 1752 annui
1649 1710 1864 1752 redditus.

367 1789 677 1833 Factaautem
706 1784 789 1826 t'uit
815 1783 934 1826 dicta
959 1782 1205 1838 assignatio
1232 1785 1277 1824 et
1319 1782 1498 1824 traditio
1527 1781 1737 1837 predicta
1755 1785 1869 1824 terre

309 1850 449 1904 Salvii
478 1862 523 1900 et
548 1871 628 1899 sue
667 1854 865 1911 baylivie
889 1853 1087 1910 predicto
1114 1853 1300 1896 domino
1322 1854 1533 1908 episcopo
1563 1853 1868 1908 Magaloncnsi

299 1929 503 1988 vpresenti
527 1933 571 1971 et
596 1926 845 1983 recipienti,
875 1926 997 1981 apud
1039 1925 1551 1980 Montempessulanum,
1582 1924 1868 1979 presentibus

308 2002 520 2059 predictis
547 2001 603 2042 de
631 1997 896 2041 senescallia
947 1996 1195 2042 Bellicadri,
1227 1999 1270 2037 et
1299 1995 1587 2038 multitudine
1630 1996 1863 2037 hominum

251 2120 254 2121 ⁷
307 2073 501 2130 copiosa,
532 2084 650 2114 anno
677 2069 856 2112 Domini
882 2068 943 2110 Μο
969 2067 1051 2110 CC⁰
1074 2067 1368 2122 nonagesimo
1395 2067 1541 2115 tertio,
1588 2067 1660 2108 dic
1691 2067 1868 2109 veneris

263 2178 266 2180 -
305 2148 410 2203 post
438 2144 601 2186 testum
630 2140 880 2197 Epiphanie
906 2138 1099 2181 Domini.

370 2291 561 2343 Postque
588 2300 707 2328 anno
757 2284 961 2339 ejusdem
990 2283 1050 2324 Μ0
1077 2282 1159 2324 CC⁰
1188 2281 1481 2336 nonagesimo
1509 2285 1682 2338 quarto.
1717 2285 1759 2323 et
1792 2282 1864 2324 dic

305 2363 411 2405 lune
438 2362 540 2402 ante
568 2359 748 2404 Ramos,
778 2354 908 2398 nobis
935 2353 1145 2409 episcopo
1173 2353 1517 2395 Carcassonensi
1545 2354 1860 2401 existentibus,

310 2430 599 2488 presentibus
625 2428 762 2471 etiam
790 2430 834 2468 et
853 2439 1003 2469 coram
1035 2425 1166 2467 nobis
1207 2424 1505 2466 existentibus
1533 2425 1745 2479 predictis
1771 2439 1866 2468 ras-

297 2503 477 2562 ¹,tellano
504 2503 548 2542 et.
575 2499 742 2541 vicario
769 2496 1018 2544 Bellicadri,
1038 2499 1082 2538 et
1108 2496 1294 2551 Hugone
1322 2495 1377 2537 de
1405 2496 1537 2537 Porta
1564 2499 1861 2550 procuratore,

305 2562 350 2616 vt
375 2571 593 2615 Grunerio
614 2570 670 2612 de
693 2566 965 2626 Plaxent[i]a
989 2568 1209 2610 advocato
1236 2566 1370 2621 regiis
1396 2566 1444 2607 in
1473 2567 1736 2609 senescallia
1763 2567 1860 2610 Bel-

309 2643 481 2690 licadri,
508 2655 678 2684 necnon
707 2639 873 2682 vicario
902 2639 1166 2685 Bittercnse‚
1186 2640 1230 2679 et
1258 2641 1544 2692 procuratore
1572 2651 1623 2679 ac
1643 2638 1863 2681 advocato

307 2714 479 2760 domini
506 2712 623 2767 regis
651 2710 861 2767 predictis
890 2710 931 2751 in
979 2709 1243 2752 senescaltia
1269 2710 1552 2753 (jarcassone,
1585 2722 1664 2750 nos
1691 2710 1864 2764 cpisco-

312 2801 396 2848 pus
441 2783 811 2827 Carcassonensis
850 2781 1077 2835 predictus
1104 2793 1160 2820 ex
1201 2792 1332 2820 causa
1387 2779 1730 2833 permutationis
1781 2794 1859 2822 seu
