2107 3404
468 195 545 233 »ἢ
729 197 784 204 -
811 171 980 242 25³2-

70 279 117 322 et
139 278 440 334 possessionis
470 278 540 321 vel
567 279 714 335 quasi.
745 278 892 322 civilis
925 279 996 322 vel
1025 280 1258 327 ualui-alls,
1288 282 1532 336 corporalis
1567 282 1629 321 §Ui

20 361 45 398 ’ζ
76 348 384 404 incorporans,
415 362 497 404 ego
524 351 567 391 et
594 348 684 391 mei
710 362 912 405 unquam
940 350 1200 399 habuimus,
1240 364 1320 393 seu
1346 351 1434 392 visi
1462 351 1632 393 luimus

15 475 18 477 Δ
39 432 42 437 ·
71 417 239 462 habere
263 417 312 461 in
331 431 490 462 manso
518 408 750 462 ethonore
778 420 977 475 predicto
1003 420 1235 463 occasione
1257 421 1328 463 vel
1351 421 1513 463 intuitu
1538 436 1636 476 prc-

63 487 179 532 dicti
193 488 353 533 usatici
373 489 470 532 sive
497 502 675 538 census,
696 489 769 532 vel
790 490 879 533 alia
899 490 1101 547 qualibet
1122 491 1309 539 ratione,
1331 491 1377 532 in
1400 494 1440 534 le
1462 492 1634 545 ‹lieluni

38 575 56 609 f
70 562 422 616 procuratorem,
441 562 485 601 et
499 573 579 615 per
599 562 641 603 te
661 560 710 602 in
730 560 900 602 dictum
922 560 1158 602 dominum
1181 561 1444 617 episcopum
1466 565 1507 604 et
1530 576 1635 604 suos

76 642 362 673 successores
390 629 685 673 transfero...:
718 633 761 672 et
788 630 868 673 tihi
889 645 940 673 ac
966 631 1115 674 cidem
1143 631 1326 674 domino
1353 631 1563 687 episcopo
1591 635 1635 674 et

7 714 29 750 J
73 699 170 744 suis
190 700 526 744 successoribus
546 701 729 748 cedo...‚
756 701 891 743 nichil
920 701 1206 757 proprietatis
1234 702 1306 744 vel
1334 702 1634 757 possessionis

7 827 10 830 ,
39 769 53 785 ”
71 783 213 828 penes
240 783 312 813 me
338 771 413 814 vel
439 784 566 814 meos
593 770 792 814 retinens
819 771 891 814 vel
920 785 1173 821 reservans

131 840 248 883 Ymo
273 840 441 884 exinde
468 841 742 885 disvestiens
765 854 838 884 me
865 845 910 884 et
938 855 1076 888 meos,
1111 846 1151 884 le
1179 857 1260 898 pro
1287 844 1406 885 dicto
1452 843 1637 885 domino

34 910 301 968 ‘,episcopo,
355 915 400 954 et
424 912 577 967 ipsum
604 912 843 954 dominum
893 912 1158 967 episcopum
1203 913 1471 960 investio...;
1504 917 1548 956 et
1591 913 1637 955 iu

74 980 255 1038 signum
305 982 627 1038 possessionis
650 983 723 1025 vel
750 982 897 1039 quasi,
951 975 1307 1026 instrumentum
1359 983 1632 1031 donationis,

41 1044 195 1109 '’quod
220 1051 327 1095 inde
378 1052 631 1100 habebam,-
651 1053 871 1109 scriptum
899 1066 980 1108 per
1019 1066 1207 1096 manum
1234 1054 1468 1097 Michaelis
1496 1054 1653 1105 Iterii„

37 1179 42 1185 ·
72 1115 241 1180 publici
269 1122 441 1165 domini
469 1123 586 1178 regis
625 1123 810 1166 Francie
839 1123 1014 1171 notarii,
1068 1124 1206 1179 gratis
1234 1124 1505 1167 manualiter
1556 1124 1636 1166 libi

2 1207 43 1217 ”·
73 1189 219 1242 tradm
244 1193 390 1236 sciens
411 1196 457 1236 ct
476 1194 696 1236 veraciter
716 1207 1038 1249 recognoscens
1059 1195 1180 1249 quod
1202 1208 1282 1250 pro
1311 1195 1629 1238 vendicione...

7 1263 55 1326 j
70 1261 211 1306 habui
236 1266 282 1306 et
300 1263 462 1318 recepi.v
495 1263 540 1304 in
568 1263 759 1318 pecunia
792 1266 1043 1311 numerata,
1073 1277 1101 1306 a
1127 1267 1167 1306 te
1189 1264 1306 1307 dicio
1328 1268 1630 1320 procuratore,

73 1333 276 1377 solvente
301 1347 383 1389 pro
431 1333 617 1376 domino
649 1333 862 1389 episcopo
913 1334 1185 1388 supradicto,
1241 1335 1423 1389 triginla
1472 1335 1640 1377 solidos
1662 1330 1666 1333 ’

35 1452 37 1454 ,
79 1403 404 1460 melgorienses
431 1417 511 1459 pro
538 1403 702 1459 precio:
733 1403 779 1445 in
806 1404 973 1458 quibus
1002 1405 1215 1446 renuncio
1244 1405 1507 1460 excepcioni
1548 1418 1636 1446 non

11 1466 41 1511 ἶ.
74 1477 312 1518 numerate
339 1474 582 1530 pecunie...
823 1528 827 1531 Α

3 1559 38 1594 ;,
71 1559 82 1596 1
132 1545 186 1588 Et
211 1544 249 1588 si
275 1545 386 1588 forte
413 1544 611 1601 amplius
640 1545 913 1600 ipsoprecio
939 1558 1010 1587 res
1051 1545 1254 1600 prediola
1280 1546 1465 1588 venilila
1515 1545 1638 1587 valet

77 1622 126 1658 ..ἱ
157 1618 301 1658 totum
329 1615 441 1657 illud
470 1615 549 1657 tibi
570 1618 615 1657 et
639 1615 758 1658 dicto
785 1615 966 1657 domine
998 1616 1263 1671 episcopo...
1312 1617 1504 1663 (10110...,
1538 1616 1637 1657 licet

8 1685 187 1729 ..illud
213 1680 451 1728 excederet
500 1685 692 1741 duplum
719 1686 792 1728 vel
838 1686 1043 1742 triplum,
1099 1687 1244 1729 sciens
1271 1687 1391 1743 quod
1439 1687 1638 1742 predicta

6 1743 276 1805 TJ-irenditio
303 1758 347 1799 et
384 1756 588 1812 precium
632 1756 737 1799 inde
788 1756 996 1799 habitum
1024 1757 1249 1800 redundat
1298 1758 1345 1799 in
1394 1757 1637 1800 utilitatem

7 1862 14 1877 ¹.
68 1839 244 1876 meam,
275 1829 374 1870 tum
399 1826 507 1883 quia
527 1826 725 1869 distabat
745 1840 771 1869 a
793 1827 1021 1869 domicilio
1044 1840 1162 1875 meo,
1188 1831 1230 1870 et
1259 1828 1354 1870 sine
1371 1827 1639 1870 difficultate

75 1911 167 1942 non
191 1899 368 1954 poterat
392 1910 419 1940 a
446 1910 517 1939 me
547 1897 715 1959 percipi
743 1897 817 1939 vel
844 1897 1054 1939 haberi...

10 1961 66 1987 ⁴*
134 1969 219 2012 Pro
244 1967 464 2011 evictione
502 1967 706 2023 obligo...
738 1968 891 2010 omnia
937 1968 1057 2010 bona
1084 1981 1199 2011 mea.
1222 1985 1267 2017 ..;
1297 1968 1452 2024 jurans
1503 1981 1641 2024 super

45 2031 231 2092 ‚sancta
256 2038 337 2081 Dei
382 2038 634 2093 evangelia,
688 2038 980 2093 corporaliter
1005 2051 1032 2081 a
1076 2052 1149 2080 me
1201 2042 1332 2087 lacta,
1363 2052 1543 2081 servare
1595 2041 1640 2081 et

42 2163 51 2170 .
76 2109 301 2166 complere
328 2109 483 2152 omnia
527 2108 858 2164 supra‹licta...;
893 2122 963 2151 me
1015 2122 1337 2165 recognoscens
1364 2123 1462 2152 esse-
1508 2109 1639 2152 etatis

7 2181 19 2227 ἓ
45 2180 235 2224 ⁴-decem
261 2182 305 2224 et
330 2182 428 2223 octo
455 2192 695 2228 annorum,
744 2179 1013 2222 renuncio...
1046 2180 1266 2223 beneficio
1296 2181 1481 2223 minoris
1508 2179 1639 2222 etalis

119 2285 148 2300 .‚
183 2253 229 2294 et
252 2250 464 2307 omnibus
491 2249 592 2293 aliis
617 2250 730 2306 juris
775 2253 820 2293 et
842 2249 945 2293 sacti
971 2250 1222 2294 rationibus
1250 2254 1294 2294 et
1332 2250 1515 2294 auxiliis
1543 2249 1642 2306 qui-

2 2315 19 2366 ]
43 2335 46 2355 ³
77 2322 164 2365 bus
190 2324 344 2378 posset
368 2323 522 2364 contra
547 2320 747 2363 veniri...

11 2398 21 2448 ᾖ,
43 2432 46 2436 .
85 2406 95 2412 ·
135 2392 290 2435 Testes
316 2394 422 2434 sunt
441 2391 654 2434 dominus
673 2391 902 2434 Johannes
924 2392 1136 2434 Bernardi
1157 2391 1460 2448 jurisperitus,
1480 2391 1641 2434 Guari-

38 2451 165 2506 'nus
185 2462 382 2511 Aurella‚
401 2465 445 2504 ct
464 2475 547 2517 ego
562 2462 816 2504 Bernardus
838 2461 1030 2510 RicarcH,
1051 2462 1287 2505 reverendi
1310 2462 1448 2518 patris
1469 2461 1643 2504 ‹lomini

5 2571 10 2574 .
55 2522 410 2590 {Magalonensis
436 2532 635 2588 episcopi
676 2532 883 2588 publicus
907 2533 1130 2579 notarius,
1160 2533 1236 2590 qui
1292 2533 1532 2575 mandatus
1560 2533 1642 2574 hee

8 2643 10 2645 ,
40 2595 253 2660 tsscripsi,
284 2605 327 2646 et
353 2602 443 2646 rasi
463 2603 673 2658 superius
700 2606 744 2645 et
771 2603 978 2658 rescripsi
1008 2603 1083 2645 ubi
1113 2604 1220 2646 dicit
1243 2618 1399 2660 parra.
1440 2610 1444 2613 ’

1069 2733 1166 2768 (Πομ.
1193 2734 1224 2763 Ι·“.
1250 2733 1378 2762 101301
1406 2740 1456 2762 νἰ.
1487 2717 1492 2722 “

245 2854 338 2885 Cart.
361 2854 405 2884 de
424 2854 511 2893 Mag.
547 2855 582 2885 T.
607 2855 649 2885 ul
1339 2859 1378 2886 33
