1991 3279
1023 238 1026 239 γ
1061 212 1144 253 7⁰2
1177 237 1225 242 ——

330 317 581 379 Coytilzeus
607 320 652 361 et
679 316 776 375 ejus
807 318 1070 366 tenementi,
1101 322 1146 361 et
1180 317 1317 362 etiam
1345 316 1617 362 amotionem
1641 318 1754 361 dicte,¹
1785 329 1878 360 nia-

323 405 410 434 nus
438 389 558 445 regie
578 389 843 444 acceptavit:
869 389 949 430 sed
971 391 1124 431 tamen
1146 387 1263 431 dixit
1282 401 1329 432 sc
1352 401 1441 432 non
1467 389 1685 433 admitcre
1707 388 1876 432 dictum

321 463 602 518 preceptum.

381 532 506 576 Dixit
532 531 670 574 etiam
697 530 819 587 quod
847 529 944 586 ipse
971 533 1154 586 paratus
1181 533 1250 574 est-
1281 529 1427 574 t'acere
1455 544 1590 587 super
1642 529 1876 587 premissis

319 603 495 659 justicie
523 601 935 657 complementum.
954 604 1089 657 prout
1104 600 1238 643 fuerit
1263 601 1463 644 rationis.

378 676 430 717 Et
457 674 602 716 dictus
629 671 840 715 dominus
865 670 1020 727 judex,
1045 685 1135 714 non
1160 672 1442 715 obstanlibus
1470 672 1600 715 dictis
1628 675 1671 715 et
1705 676 1877 728 protes-

320 746 425 789 tatis
453 758 534 801 per
582 743 754 786 dictum
806 741 1027 785 vicarium
1078 742 1297 796 Melgorii‚
1354 744 1555 800 precepit·
1581 743 1700 785 idem
1753 743 1877 800 quod

317 830 471 873 supra.

375 888 429 930 Et
450 885 596 929 dictus
622 884 819 928 vicarius
845 884 1049 940 Melgorii
1077 884 1193 927 dixit
1237 887 1280 927 et
1318 886 1592 940 protestatus
1618 883 1703 926 fuit
1753 884 1872 926 idem

312 958 433 1015 quod
449 970 600 1013 supra,
621 955 734 999 etde
751 955 838 998 hiis
859 955 995 1012 peciit
1015 955 1102 998 sibi
1125 955 1222 998 fieri
1244 955 1476 1011 publicum
1497 955 1868 997 instrumentum.

373 1029 544 1072 Horum
565 1030 702 1070 testes
728 1026 911 1069 fuerunt
936 1026 1149 1068 dominus
1175 1026 1431 1068 Bernardus
1457 1025 1513 1068 de
1546 1026 1697 1069 Insula
1724 1025 1869 1074 miles,

314 1104 359 1144 et
385 1099 575 1143 Michael
625 1098 681 1140 dc
732 1096 968 1144 Montasio‚
999 1097 1255 1140 Rei-nardus
1295 1097 1541 1146 Paschalis,
1571 1097 1766 1140 Thomas
1816 1097 1872 1139 de

315 1171 486 1219 Remis,
510 1168 756 1214 Gauiridus
775 1167 1011 1225 Turquilli=2
1037 1170 1083 1210 et
1108 1181 1192 1224 ego
1213 1167 1359 1210 dictus
1387 1167 1643 1211 Bernardus
1668 1168 1724 1210 de
1751 1167 1873 1210 Trel-

314 1242 391 1291 lia,
424 1241 631 1298 publicus
657 1238 860 1294 Melgorii
887 1238 1103 1286 notarius,
1133 1238 1227 1295 qui,
1258 1238 1503 1296 requisitus
1529 1251 1557 1281 a
1595 1238 1780 1282 domino
1806 1238 1872 1281 vi-

310 1313 445 1360 cario,
475 1312 558 1356 hec
584 1310 741 1368 scripsi
769 1313 814 1354 et
834 1309 1026 1365 signavi.

1179 1452 1275 1489 ffleg,
1297 1452 1331 1489 (ἶ,
1354 1451 1411 1482 rol.
1437 1450 1497 1482 193
1515 1456 1568 1488 1⁹⁰).

774 1756 969 1799 mxxm.
1002 1782 1055 1787 „„
1083 1756 1130 1798 14
1164 1755 1263 1811 juin
1291 1754 1407 1799 1295

355 1914 439 1952 Ph
447 1912 595 1958 ilippe
614 1910 660 1947 le
680 1909 775 1947 Bel
797 1909 976 1946 defend
1004 1909 1064 1947 de
1084 1909 1383 1956 poursuivre
1402 1909 1476 1946 les
1506 1909 1758 1947 debiteurs
1777 1911 1864 1948 des

308 1976 476 2012 tex-res
502 1972 562 2008 de
581 1969 799 2014 reveque
819 1980 939 2005 sans
958 1970 1005 2006 le
1024 1968 1272 2015 prevenir.

374 2129 619 2184 Philippus,
654 2126 732 2168 noi
760 2126 901 2179 gratia
933 2126 1206 2168 Francorum
1233 2137 1332 2175 rex,
1361 2125 1607 2167 senescallo
1627 2124 1863 2168 Bellicadri

305 2203 375 2244 vel
405 2201 502 2255 ejus
524 2200 671 2242 locum
698 2197 883 2240 tenenti.
916 2196 1125 2239 salutem.

366 2274 430 2315 Ex
459 2275 585 2327 parte
608 2268 915 2326 procuratoris
943 2267 1136 2310 Ecclesie
1170 2266 1502 2321 Magalonensis
1529 2268 1658 2309 nobis
1703 2268 1861 2310 datum

311 2348 376 2386 est
405 2342 609 2396 intelligi,
641 2340 761 2397 quod
808 2338 962 2381 vicarii
1014 2338 1217 2380 Andusie
1268 2340 1312 2379 et
1339 2337 1570 2387 Sumidrii,
1625 2342 1669 2380 et
1718 2343 1860 2382 rector

300 2411 719 2467 Montispessulani‚
750 2414 794 2452 et.
822 2410 901 2453 alii
927 2409 1118 2452 curiales
1139 2409 1279 2451 nostri
1299 2408 1561 2451 senescallie
1587 2411 1752 2457 vestre,
1776 2424 1860 2453 seu:

302 2498 458 2527 eorum
485 2483 635 2526 nuncii
663 2482 718 2525 de
748 2480 962 2523 mandato
980 2480 1199 2536 ipsorum,
1221 2479 1498 2538 compellunt
1517 2482 1561 2522 et
1587 2481 1860 2535 compellere·

300 2558 508 2599 nituntur
533 2553 740 2596 homines
794 2552 975 2594 bailivie
1005 2550 1146 2594 Salvii
1197 2553 1242 2592 et·
1281 2550 1465 2593 alterius
1492 2553 1607 2593 terre
1658 2553 1861 2608 Magalo-

299 2627 455 2671 ncnsis
482 2624 698 2673 subdiac,
733 2624 905 2665 ratione
942 2621 1199 2664 debitorum
1227 2621 1272 2663 in
1322 2622 1488 2677 quibus
1515 2625 1620 2664 sunt
1669 2624 1854 2677 obligati

290 2696 559 2742 >hominibus
585 2697 700 2737 terre
734 2696 882 2737 nostre
932 2696 977 2736 et
1024 2691 1125 2735 aliis
1175 2691 1436 2735 hominibus
1463 2695 1577 2735 terre
1629 2695 1853 2737 baranum

299 2766 562 2814 senescallie
584 2765 834 2808 Bellicadri.
860 2763 956 2806 ¹sine
980 2762 1277 2820 requisicione
1299 2763 1497 2818 episcopi
1519 2764 1852 2818 Magaloncnsis

300 2855 378 2884 seu
409 2838 701 2894 proc-cratoris
727 2836 843 2878 dicte
870 2833 1077 2881 Ecclesie,
1108 2847 1189 2876 seu
1216 2847 1399 2876 suorum
1426 2833 1679 2876 curialium.

359 2912 563 2953 preterea
592 2905 819 2948 debitores
848 2904 1150 2960 Magalonensi
1180 2905 1387 2958 episcopo
1417 2907 1457 2947 el
1496 2905 1718 2951 vassallis,
1767 2906 1851 2948 sibi
