2107 3404
753 376 1002 421 „165—

85 485 210 527 tibus
247 483 419 526 ibidem
461 483 580 525 dicto
607 482 804 525 domino
851 483 1063 538 episcopo
1103 485 1144 525 et
1171 477 1366 526 Matheo
1397 483 1451 526 de
1481 482 1669 535 §elena

83 556 370 612 procuratore
397 566 478 597 seu
504 553 788 608 negotiorum
804 556 983 608 gestore
1012 554 1207 608 predicti
1236 554 1407 596 domini
1429 555 1546 609 regis
1575 554 1670 599 fue·

87 628 194 668 runt
219 623 417 682 predicte
450 620 837 680 compositiones,
867 623 1167 668 limitationes
1220 628 1264 667 et
1314 624 1578 667 div’sicnes.
1633 626 1678 669 et

87 695 243 738 omnia
274 697 318 738 et
344 693 524 749 singula
549 694 763 750 predicta.¹
797 694 844 736 in
880 694 1188 750 suprascripto
1235 694 1540 738 instrumento
1578 709 1681 739 <cn-

89 764 230 815 tenta,
260 765 445 808 lectaffet
472 765 655 808 recitata
682 765 868 808 ibidem.

144 837 238 888 Que
288 836 456 883 omnia,
486 835 643 878 audita
670 838 714 877 ct
766 835 993 878 intellecta
1023 851 1103 891 per
1145 837 1268 892 ipsos
1323 836 1581 892 Capitulum
1631 847 1676 887 et

91 909 383 954 conventum,
427 906 565 948 iidem
611 909 862 949 conventus
890 910 934 948 et
978 907 1234 961 Capitulum
1284 922 1364 962 per
1391 921 1436 950 se
1477 911 1514 949 el
1572 921 1678 950 sins

85 991 382 1025 successores,
410 992 468 1020 ex
511 980 634 1019 certa
688 977 878 1019 scientia
911 980 955 1019 et
1002 979 1221 1020 consulte.
1283 981 1605 1031 cognoscentes
1637 982 1679 1020 »t

88 1051 355 1091 coufitentes
385 1050 463 1090 hoc
493 1049 538 1090 in
568 1048 811 1090 utilitatem
868 1048 1061 1091 Ecclesia
1088 1062 1186 1091 esse
1228 1049 1411 1091 laetum.
1468 1049 1683 1091 laudave-

90 1122 212 1167 runt,
266 1118 652 1162 confirmaverunt
702 1121 747 1161 et
772 1119 1155 1174 approbaverunt,
1206 1122 1249 1161 el.
1300 1120 1424 1161 omni
1481 1130 1682 1174 tempore

89 1191 189 1232 rata
214 1191 259 1232 et
279 1188 413 1232 firma
437 1188 580 1232 haber
597 1202 636 1237 e,
676 1191 720 1231 et
745 1189 1003 1232 observare.
1036 1192 1077 1232 et
1131 1203 1220 1231 non
1248 1191 1556 1232 contravenire
1602 1190 1682 1232 ali-

90 1272 182 1316 qua
205 1258 317 1314 juris
344 1260 417 1302 vel
457 1259 563 1302 facti
595 1259 845 1302 subtilitate
896 1259 1014 1302 dicto
1037 1261 1326 1315 procuratori,
1377 1261 1612 1316 stipulanti
1639 1264 1684 1302 et

91 1329 329 1386 recipienti
355 1343 435 1386 pro
475 1330 592 1372 dicto
620 1329 806 1372 domino
853 1343 970 1384 rege,
1002 1331 1330 1385 promiserunt,
1361 1331 1678 1374 renunciantes

94 1399 318 1444 beneficio
362 1399 659 1444 restitutionis
709 1399 757 1441 in
783 1400 1025 1455 integrum,
1074 1404 1118 1443 et
1132 1402 1268 1444 bmni
1296 1401 1604 1456 privilegio...‚
1635 1404 1677 1444 et

76 1470 273 1519 rationi.
304 1484 388 1527 per
423 1471 546 1527 quod
573 1484 654 1513 seu
680 1462 820 1527 quam
869 1474 1023 1514 contra
1048 1471 1249 1526 predicta
1293 1472 1366 1514 vel
1404 1471 1589 1527 aliquod
1615 1472 1670 1514 de

98 1540 314 1597 predictis
339 1540 497 1584 venire
544 1543 746 1596 possent,
778 1540 1023 1596 infringere
1051 1554 1131 1584 seu
1153 1555 1379 1584 revocare.

44 1611 50 1614 ’
158 1611 271 1654 Acta
295 1610 479 1654 fuerunt
518 1611 600 1654 hec
626 1611 672 1653 in
724 1611 956 1666 presentia
981 1614 1026 1654 et
1052 1612 1311 1655 testimonio
1358 1612 1562 1667 magistri
1607 1613 1688 1656 Be-

97 1681 294 1737 rengarii
319 1681 524 1724 canonici
569 1681 855 1731 Biterrensis‚
888 1685 933 1724 et
960 1682 1193 1725 Guillelmi
1226 1682 1385 1725 Fulchi
1406 1683 1557 1738 legum
1585 1683 1688 1725 doc-

102 1751 230 1801 toris,
261 1751 381 1794 Petri
425 1751 570 1794 Rubei
603 1751 868 1808 jurisperili‘,
900 1755 945 1795 et
990 1753 1194 1807 magistri
1221 1754 1462 1796 Raimundi
1491 1754 1689 1796 Brunen-

104 1821 191 1871 chi,
222 1824 267 1864 et
310 1822 430 1864 Pctri
480 1822 714 1865 Almeradi
742 1822 916 1871 militis,
965 1824 1180 1880 Symonis
1231 1824 1286 1866 de
1317 1824 1480 1866 Sancto
1523 1824 1688 1867 Felicio

107 1892 344 1948 scriptoris
394 1891 569 1935 domini
612 1893 747 1948 regis,
803 1893 921 1935 Petri
949 1893 1004 1936 de
1043 1894 1209 1936 Calidis
1238 1894 1466 1949 scriptoris
1516 1894 1690 1937 domini

104 1962 291 2007 infantis
314 1963 484 2011 Jaoebi,
509 1967 555 2006 et
605 1963 777 2006 Artaldi
804 1964 859 2006 de
889 1964 1021 2013 Stira,
1053 1967 1097 2007 et
1137 1965 1225 2007 mei
1253 1965 1485 2008 Michaelis
1513 1966 1567 2007 de
1597 1966 1689 2008 Ma-

106 2033 292 2084 lobuxo‚
323 2033 493 2090 publici
514 2034 916 2090 Montispessulani
942 2035 1120 2084 notarii,
1147 2029 1240 2091 qui,
1273 2036 1514 2079 mandatus
1542 2050 1567 2078 a
1589 2050 1690 2092 par-

109 2103 246 2152 tibus,
277 2104 360 2147 hec
380 2104 541 2161 scripsi
567 2107 611 2147 et
637 2104 818 2160 signum
847 2118 1000 2148 meum
1027 2106 1234 2161 apposui.

652 2249 757 2308 (neg.
782 2270 818 2307 E,
840 2270 899 2301 (οι.
924 2269 982 2301 118
1003 2274 1051 2307 γη
1074 2271 1169 2301 edile
1189 2279 1254 2310 par
1269 2270 1439 2302 Germain

717 2323 808 2354 dans
828 2322 972 2354 Arnaud
990 2322 1030 2353 de
1058 2323 1194 2354 lferdale
1213 2333 1246 2363 p.
1269 2323 1357 2362 284).

164 2455 372 2503 Quelques
393 2456 525 2503 lignes
563 2468 667 2493 nous
706 2458 937 2505 paraissent
967 2458 1223 2494 necessaires
1246 2470 1347 2506 pour
1384 2458 1593 2506 expliquer
1630 2469 1693 2507 oet

117 2519 221 2556 acte,
244 2514 280 2550 le
302 2515 393 2562 plus
415 2514 676 2559 interessant‚
700 2516 844 2564 depuis
866 2516 967 2553 celui
991 2516 1038 2553 cle
1055 2517 1214 2564 janvier
1236 2518 1341 2561 1091,
1382 2517 1495 2554 Cart.
1522 2518 1568 2553 de
1599 2518 1693 2555 Ma-

118 2574 290 2621 guelone
311 2578 335 2609 t.
361 2573 391 2616 Ι,
406 2585 442 2621 p.
466 2574 523 2610 20.
549 2586 650 2622 pour
663 2576 866 2621 reglerles
888 2581 1076 2624 rapports
1108 2581 1219 2612 entre
1241 2577 1301 2613 les
1323 2578 1501 2624 eveques
1523 2577 1569 2613 de
1591 2577 1678 2613 Ma-

120 2632 293 2678 guelone
314 2637 353 2668 et
372 2633 433 2669 les
453 2633 670 2680 seigneurs
691 2634 739 2670 ‹le
760 2634 1032 2682 Montpellier.

51 2691 56 2693 ’
168 2689 285 2727 Nous
307 2701 356 2728 ne
377 2703 480 2728 nous
502 2694 733 2729 arreterons
767 2705 840 2741 pas
879 2698 899 2729 a
940 2694 975 2729 la
1015 2694 1201 2741 question
1243 2695 1558 2742 geographique:
1600 2695 1675 2731 elle

62 2796 66 2800 q
122 2759 227 2785 nous
248 2751 513 2786 entrainerait
533 2756 622 2799 trop
644 2751 739 2795 loin,
767 2757 807 2788 et
828 2763 931 2788 nous
954 2764 1057 2788 nous
1079 2758 1298 2789 reservons
1319 2753 1381 2800 ‹l‘y
1404 2754 1563 2789 revenit·
1583 2754 1694 2789 dans

61 2802 73 2808 “
125 2812 239 2844 notre
264 2805 520 2856 Geoqi-aphie
541 2809 594 2846 du
616 2810 773 2846 diocese
795 2811 842 2846 de
864 2811 1112 2859 Ᾱίαῃιιείοηε
1134 2812 1221 2858 deja
1246 2817 1328 2848 tres
1362 2817 1550 2848 avancee.

172 2867 235 2902 Au
257 2867 369 2914 point
389 2868 437 2904 de
458 2880 534 2905 vue
555 2869 760 2917 politique.
785 2874 849 2906 cet
868 2875 956 2906 acte
977 2881 997 2906 a
1020 2881 1099 2906 une
1120 2875 1234 2907 autre
1256 2876 1394 2918 posteo
1416 2882 1493 2918 que
1516 2870 1617 2906 colui
1633 2870 1687 2906 de

55 2923 73 2938 ‘⁵
123 2924 231 2962 1091.
249 2925 401 2973 Depuis
422 2927 506 2963 lors
528 2939 603 2964 nos
619 2930 793 2976 eveques
831 2934 925 2965 sont
940 2929 1121 2965 devenus
1151 2934 1308 2966 comtes
1324 2930 1372 2966 de
1387 2930 1594 2975 Melgueil.
1613 2929 1693 2965 Les

53 2975 85 3038 .ιῖ-
127 2983 346 3030 seigneurs
361 2985 409 3022 de
421 2985 681 3034 Montpellier
695 2992 790 3024 sont
808 2987 920 3024 lenrs
941 2994 1118 3024 'vassaux
1135 2992 1155 3024 a
1172 2999 1217 3024 ce
1239 2988 1384 3024 double
1407 2988 1510 3024 titre:
1535 2998 1694 3024 comme
